@inproceedings{guzdial2006imagineering,
  title={Imagineering inauthentic legitimate peripheral participation: an instructional design approach for motivating computing education},
  author={Guzdial, Mark and Tew, Allison Elliott},
  booktitle={Proceedings of the second international workshop on Computing education research},
  pages={51--58},
  year={2006},
  organization={ACM}
}
@article{manyika2011big,
  title={Big data: The next frontier for innovation, competition, and productivity},
  author={Manyika, James and Chui, Michael and Brown, Brad and Bughin, Jacques and Dobbs, Richard and Roxburgh, Charles and Byers, Angela H},
  year={2011}
}
@BOOK{lave-situated,
  title = {Situated learning: Legitimate peripheral participation},
  publisher = {Cambridge university press},
  year = {1991},
  author = {Lave, Jean and Wenger, Etienne}
}
@article{jones-description,
    author = "Jones, B. D.",
    title = "Motivating students to engage in learning: {The} {MUSIC} model of academic motivation",
    journal = "International Journal of Teaching and Learning in Higher Education",
    volume = "21",
    number = "2",
    pages = "272--285",
    year = 2009
}
@ARTICLE{situated-cognition,
  author = {Choi, Jeong-Im and Hannafin, Michael},
  title = {Situated cognition and learning environments: Roles, structures,
	and implications for design},
  journal = {Educational Technology Research and Development},
  year = {1995},
  volume = {43},
  pages = {53-69},
  number = {2},
  doi = {10.1007/BF02300472},
  issn = {1042-1629},
  language = {English},
  publisher = {Kluwer Academic Publishers},
  url = {http://dx.doi.org/10.1007/BF02300472}
}
@inproceedings{Anderson,
 author = {Anderson, Ruth E. and Ernst, Michael D. and Ord\'{o}\~{n}ez, Robert and Pham, Paul and Wolfman, Steven A.},
 title = {Introductory Programming Meets the Real World: Using Real Problems and Data in {CS1}},
 booktitle = {Proceedings of the 45th ACM Technical Symposium on Computer Science Education},
 series = {SIGCSE '14},
 year = {2014},
 isbn = {978-1-4503-2605-6},
 location = {Atlanta, Georgia, USA},
 pages = {465--466},
 numpages = {2},
 url = {http://doi.acm.org/10.1145/2538862.2538994},
 doi = {10.1145/2538862.2538994},
 acmid = {2538994},
 Xpublisher = {ACM},
 Xaddress = {New York, NY, USA},
 keywords = {CS1, data processing, data programming, introductory computing},
}

@inproceedings{Sullivan:2013,
 author = {Sullivan, David G.},
 title = {A Data-centric Introduction to Computer Science for Non-majors},
 booktitle = {Proceeding of the 44th ACM Technical Symposium on Computer Science Education},
 series = {SIGCSE '13},
 year = {2013},
 isbn = {978-1-4503-1868-6},
 location = {Denver, Colorado, USA},
 pages = {71--76},
 numpages = {6},
 url = {http://doi.acm.org/10.1145/2445196.2445222},
 doi = {10.1145/2445196.2445222},
 acmid = {2445222},
 Xpublisher = {ACM},
 Xaddress = {New York, NY, USA},
 keywords = {computer science education, curriculum, data mining, data visualization, non-majors, programming, relational databases},
}

@inproceedings{Hall-Holt:2015,
 author = {Hall-Holt, Olaf A. and Sanft, Kevin R.},
 title = {Statistics-infused Introduction to Computer Science},
 booktitle = {Proceedings of the 46th ACM Technical Symposium on Computer Science Education},
 series = {SIGCSE '15},
 year = {2015},
 isbn = {978-1-4503-2966-8},
 location = {Kansas City, Missouri, USA},
 pages = {138--143},
 numpages = {6},
 url = {http://doi.acm.org/10.1145/2676723.2677218},
 doi = {10.1145/2676723.2677218},
 acmid = {2677218},
 Xpublisher = {ACM},
 Xaddress = {New York, NY, USA},
 keywords = {computer science education, cs1, data science, statistics},
} 

@inproceedings{DePasquale:2006,
 author = {DePasquale, Peter},
 title = {Exploiting On-line Data Sources As the Basis of Programming Projects},
 booktitle = {Proceedings of the 37th SIGCSE Technical Symposium on Computer Science Education},
 series = {SIGCSE '06},
 year = {2006},
 isbn = {1-59593-259-3},
 location = {Houston, Texas, USA},
 pages = {283--287},
 numpages = {5},
 url = {http://doi.acm.org/10.1145/1121341.1121430},
 doi = {10.1145/1121341.1121430},
 acmid = {1121430},
 Xpublisher = {ACM},
 Xaddress = {New York, NY, USA},
 keywords = {CS1/CS2, on-line data sources, programming projects},
}
@article{Egger,
    author = {Egger, Anne E.}, 
    title = {Engaging Students in Earthquakes via Real-Time Data and Decisions},
    volume = {336}, 
    number = {6089}, 
    pages = {1654-1655}, 
    year = {2012}, 
    doi = {10.1126/science.1214293}, 
    URL = {http://www.sciencemag.org/content/336/6089/1654.short}, 
    eprint = {http://www.sciencemag.org/content/336/6089/1654.full.pdf}, 
    journal = {Science} 
}
@Book{datamining,
    title = {Data Mining with R, learning with case studies},
    author = {L. Torgo},
    publisher = {Chapman and Hall/CRC},
    year = {2010},
    url = {http://www.liaad.up.pt/~ltorgo/DataMiningWithR},
}
@inproceedings{realtimeweb,
 author = {Bart, Austin Cory and Tilevich, Eli and Hall, Simin and Allevato, Tony and Shaffer, Clifford A.},
 title = {Transforming Introductory Computer Science Projects via Real-time Web Data},
 booktitle = {Proceedings of the 45th ACM Technical Symposium on Computer Science Education},
 series = {SIGCSE '14},
 year = {2014},
 isbn = {978-1-4503-2605-6},
 location = {Atlanta, Georgia, USA},
 pages = {289--294},
 numpages = {6},
 url = {http://doi.acm.org/10.1145/2538862.2538941},
 doi = {10.1145/2538862.2538941},
 acmid = {2538941},
 Xpublisher = {ACM},
 Xaddress = {New York, NY, USA},
 keywords = {distributed computing, introductory courses, projects},
} 
@inproceedings{Hamid2016,
  title={A Generic Framework for Engaging Online Data Sources in Introductory Programming Courses},
  author={Hamid, Nadeem Abdul},
  booktitle={Proceedings of the 2016 ACM Conference on Innovation and Technology in Computer Science Education},
  year={2016},
  Xorganization={ACM}
}
@inproceedings{burlinson2016bridges,
  title={{BRIDGES}: A System to Enable Creation of Engaging Data Structures Assignments with Real-World Data and Visualizations},
  author={Burlinson, David and Mehedint, Mihai and Grafer, Chris and Subramanian, Kalpathi and Payton, Jamie and Goolkasian, Paula and Youngblood, Michael and Kosara, Robert},
  booktitle={Proceedings of the 47th ACM Technical Symposium on Computing Science Education},
  pages={18--23},
  year={2016},
  organization={ACM}
}

@article{parlante2015codingbat,
  title={CodingBat},
  author={Parlante, Nick},
  journal={Com (Retrieved 1/08/2011 from http://codingbat. com, 2011)},
  year={2015}
}

@inproceedings{bart-blockpy,
  title={Position paper: From interest to usefulness with {BlockPy}, a block-based, educational environment},
  author={Bart, Austin Cory and Tilevich, Eli and Shaffer, Clifford A and Kafura, Dennis},
  booktitle={Blocks and Beyond Workshop (Blocks and Beyond), 2015 IEEE},
  pages={87--89},
  year={2015},
  Xorganization={IEEE}
}
@inproceedings{guzdial2013exploring,
  title={Exploring hypotheses about media computation},
  author={Guzdial, Mark},
  booktitle={Proceedings of the ninth annual international ACM conference on International computing education research},
  pages={19--26},
  year={2013},
  organization={ACM}
}