@article{guffeypolice,
  title={Police Officer Staffing: Analyzing the Commonly Held Belief that More Cops Equals Less Crime},
  author={Guffey, James E and Larson, James G and Kelso, Chandrika},
	journal={Professional Issues in Criminal Justice},
	year = {2010},
	volume = {5},
	number = {2 and 3},
	pages = {29--41}
}

@misc{crime,
  author = {United States Department of Justice, Federal Bureau of Investigation},
  title = {Crime in the United States, 2007},
  year = {2008},
	month = {Sept},
  howpublished = {\url{http://www.fbi.gov/ucr/cius2007/index.html}}
}

@article{ben2004situated,
  title={Situated learning in computer science education},
  author={Ben-Ari, Mordechai},
  journal={Computer Science Education},
  volume={14},
  number={2},
  pages={85--100},
  year={2004},
  publisher={Taylor \& Francis}
}


@article{petraglia1998real,
  title={The real world on a short leash: The (mis) application of constructivism to the design of educational technology},
  author={Petraglia, Joseph},
  journal={Educational Technology Research and Development},
  volume={46},
  number={3},
  pages={53--65},
  year={1998},
  publisher={Springer}
}

@article{wing2006computational,
  title={Computational thinking},
  author={Wing, Jeannette M},
  journal={Communications of the ACM},
  volume={49},
  number={3},
  pages={33--35},
  year={2006}
}

@article{Egger,
    author = {Egger, Anne E.}, 
    title = {Engaging Students in Earthquakes via Real-Time Data and Decisions},
    volume = {336}, 
    number = {6089}, 
    pages = {1654-1655}, 
    year = {2012}, 
    doi = {10.1126/science.1214293}, 
    URL = {http://www.sciencemag.org/content/336/6089/1654.short}, 
    eprint = {http://www.sciencemag.org/content/336/6089/1654.full.pdf}, 
    journal = {Science} 
}

@Book{datamining,
    title = {Data Mining with R, learning with case studies},
    author = {L. Torgo},
    publisher = {Chapman and Hall/CRC},
    year = {2010},
    url = {http://www.liaad.up.pt/~ltorgo/DataMiningWithR},
}

@article{Waldman,
    author = {Waldman, Marc},
    title = {Keeping it real: utilizing {NYC} open data in an introduction to database systems course},
    journal = {J. Comput. Sci. Coll.},
    issue_date = {June 2013},
    volume = {28},
    number = {6},
    month = jun,
    year = {2013},
    issn = {1937-4771},
    pages = {156--161},
    numpages = {6},
    url = {http://dl.acm.org/citation.cfm?id=2460156.2460186},
    acmid = {2460186},
    publisher = {Consortium for Computing Sciences in Colleges},
    address = {USA},
}

@article{theory-end,
  title={The end of theory},
  author={Anderson, Chris},
  journal={Wired magazine},
  volume={16},
  year={2008}
}

@techreport{vt-vision,
	title = {Academic implementation strategy for a plan for a new horizon: Envisioning virginia tech 2013-2018},
	author = {Office of the Senior Vice President and Provost},
	year = {2013}
}

@techreport{CS2013,
    title = {Computer Science Curricula 2013},
    author = {ACM/IEEE-CS Joint Task Force on Computing Curricula},
    month = {December},
    year = {2013},
    institution = {ACM Press and IEEE Computer Society Press},
    url = {http://dx.doi.org/10.1145/2534860},
    doi = {10.1145/2534860}
}

@inproceedings{Anderson,
 author = {Anderson, Ruth E. and Ernst, Michael D. and Ord\'{o}\~{n}ez, Robert and Pham, Paul and Wolfman, Steven A.},
 title = {Introductory Programming Meets the Real World: Using Real Problems and Data in CS1},
 booktitle = {Proceedings of the 45th ACM Technical Symposium on Computer Science Education},
 series = {SIGCSE '14},
 year = {2014},
 isbn = {978-1-4503-2605-6},
 location = {Atlanta, Georgia, USA},
 pages = {465--466},
 numpages = {2},
 url = {http://doi.acm.org/10.1145/2538862.2538994},
 doi = {10.1145/2538862.2538994},
 acmid = {2538994},
 publisher = {ACM},
 address = {New York, NY, USA},
 keywords = {CS1, data processing, data programming, introductory computing},
}
 
@article{preauthentication,
    title={The real world on a short leash: The (mis) application of constructivism to the design of educational technology},
    author={Petraglia, Joseph},
    journal={Educational Technology Research and Development},
    volume={46},
    number={3},
    pages={53--65},
    year={1998},
    publisher={Springer}
}

@inproceedings{realtimeweb,
 author = {Bart, Austin Cory and Tilevich, Eli and Hall, Simin and Allevato, Tony and Shaffer, Clifford A.},
 title = {Transforming Introductory Computer Science Projects via Real-time Web Data},
 booktitle = {Proceedings of the 45th ACM Technical Symposium on Computer Science Education},
 series = {SIGCSE '14},
 year = {2014},
 isbn = {978-1-4503-2605-6},
 location = {Atlanta, Georgia, USA},
 pages = {289--294},
 numpages = {6},
 url = {http://doi.acm.org/10.1145/2538862.2538941},
 doi = {10.1145/2538862.2538941},
 acmid = {2538941},
 publisher = {ACM},
 address = {New York, NY, USA},
 keywords = {distributed computing, introductory courses, projects},
} 

@inproceedings{realtimeweb-splashe,
 author = {Bart, Austin Cory and Tilevich, Eli and Hall, Simin and Allevato, Tony and Shaffer, Clifford A.},
 title = {Using Real-Time Web Data to Enrich Introductory Computer Science Projects},
 series = {Splash-E '13},
 year = {2013},
 location = {Indianapolis, Indiana, USA},
	month= {Oct},
	day= {26--31}
} 

@inproceedings{guzdial2006imagineering,
  title={Imagineering inauthentic legitimate peripheral participation: an instructional design approach for motivating computing education},
  author={Guzdial, Mark and Tew, Allison Elliott},
  booktitle={Proceedings of the second international workshop on Computing education research},
  pages={51--58},
  year={2006},
  organization={ACM}
}

@article{manyika2011big,
  title={Big data: The next frontier for innovation, competition, and productivity},
  author={Manyika, James and Chui, Michael and Brown, Brad and Bughin, Jacques and Dobbs, Richard and Roxburgh, Charles and Byers, Angela H},
  year={2011}
}

@article{choi1995situated,
  title={Situated cognition and learning environments: Roles, structures, and implications for design},
  author={Choi, Jeong-Im and Hannafin, Michael},
  journal={Educational Technology Research and Development},
  volume={43},
  number={2},
  pages={53--69},
  year={1995},
  publisher={Springer}
}

@book{lave1991situated,
  title={Situated learning: Legitimate peripheral participation},
  author={Lave, Jean and Wenger, Etienne},
  year={1991},
  publisher={Cambridge university press}
}

@article{douglas2012importance,
  title={The Importance of ‘Big Data’: A Definition},
  author={Douglas, Laney},
  journal={Gartner (June 2012)},
  year={2012}
}

@misc{Eve,
  author = {Iarocci, Nicola and Amica, Gestionali},
  title = {Eve},
  year = {2012},
  publisher = {GitHub},
  journal = {GitHub repository},
  howpublished = {\url{https://github.com/nicolaiarocci/eve}},
  commit = {415c5d6e39442d6a0bd04e23679162e332eb449b}
}

@article{laney20013d,
  title={3D data management: Controlling data volume, velocity and variety},
  author={Laney, Doug},
  journal={META Group Research Note},
  volume={6},
  year={2001}
}


@inproceedings{Carter,
    author = {Carter, Lori},
    title = {Why students with an apparent aptitude for computer science don't choose to major in computer science},
    booktitle = {Proceedings of the 37th SIGCSE technical symposium on Computer science education},
    series = {SIGCSE '06},
    year = {2006},
    isbn = {1-59593-259-3},
    location = {Houston, Texas, USA},
    pages = {27--31},
    numpages = {5},
    url = {http://doi.acm.org/10.1145/1121341.1121352},
    doi = {10.1145/1121341.1121352},
    acmid = {1121352},
    publisher = {ACM},
    address = {New York, NY, USA},
    keywords = {computer science major, declining computer science enrollment, definition of computer science, gender issues in computer science, high school computer science education},
} 

@inproceedings{Fisher,
    author = {Fisher, Allan and Margolis, Jane and Miller, Faye},
    title = {Undergraduate women in computer science: experience, motivation and culture},
    booktitle = {Proceedings of the twenty-eighth SIGCSE technical symposium on Computer science education},
    series = {SIGCSE '97},
    year = {1997},
    isbn = {0-89791-889-4},
    location = {San Jose, California, USA},
    pages = {106--110},
    numpages = {5},
    url = {http://doi.acm.org/10.1145/268084.268127},
    doi = {10.1145/268084.268127},
    acmid = {268127},
    publisher = {ACM},
    address = {New York, NY, USA},
} 


@article{Cordova,
    title={Intrinsic motivation and the process of learning: Beneficial effects of contextualization, personalization, and choice},
    author={Cordova, Diana I and Lepper, Mark R},
    journal={Journal of educational psychology},
    volume={88},
    pages={715--730},
    year={1996}
}

@techreport{racket,
    title       = {Reference: Racket},
    author      = {Matthew Flatt and PLT},
    number      = {PLT-TR-2013-1},
    institution = {PLT Design Inc.},
    year        = {2013},
    note        = {\url{http://racket-lang.org/tr1/}}}



@inproceedings{Edwards,
    author = {Edwards, Stephen},
    title = {Using test-driven development in the classroom: Providing students with automatic, concrete feedback on performance.},
    booktitle = {In Proceedings of the International Conference on Education and Information Systems: Technologies and Applications},
    series = {EISTA},
    year = 2003,
}

@book{jones-validity,
    author = "Jones, B. D. and Skaggs, G.",
    title = "Validation of the MUSIC Model of Academic Motivation Inventory: A measure of students' motivation in college courses",
    publisher = "Research presented at the International Conference on Motivation 2012",
    year = 2012,
    location= "Frankfurt, Germany"
}

@article{jones-description,
    author = "Jones, B. D.",
    title = "Motivating students to engage in learning: {The} {MUSIC} model of academic motivation",
    journal = "International Journal of Teaching and Learning in Higher Education",
    volume = "21",
    number = "2",
    pages = "272--285",
    year = 2009
}
@inproceedings{Weintrop,
 author = {Weintrop, David},
 title = {Minding the Gap Between Blocks-Based and Text-Based Programming (Abstract Only)},
 booktitle = {Proceedings of the 46th ACM Technical Symposium on Computer Science Education},
 series = {SIGCSE '15},
 year = {2015},
 isbn = {978-1-4503-2966-8},
 location = {Kansas City, Missouri, USA},
 pages = {720--720},
 numpages = {1},
 url = {http://doi.acm.org/10.1145/2676723.2693622},
 doi = {10.1145/2676723.2693622},
 acmid = {2693622},
 publisher = {ACM},
 address = {New York, NY, USA},
 keywords = {blocks-based programming, high school computer science, introductory programming environments},
} 

@inproceedings{Matsuzawa,
 author = {Matsuzawa, Yoshiaki and Ohata, Takashi and Sugiura, Manabu and Sakai, Sanshiro},
 title = {Language Migration in non-CS Introductory Programming Through Mutual Language Translation Environment},
 booktitle = {Proceedings of the 46th ACM Technical Symposium on Computer Science Education},
 series = {SIGCSE '15},
 year = {2015},
 isbn = {978-1-4503-2966-8},
 location = {Kansas City, Missouri, USA},
 pages = {185--190},
 numpages = {6},
 url = {http://doi.acm.org/10.1145/2676723.2677230},
 doi = {10.1145/2676723.2677230},
 acmid = {2677230},
 publisher = {ACM},
 address = {New York, NY, USA},
 keywords = {language migration, programming education, scaffolding, visual programming},
} 

@inproceedings{Tang,
 author = {Tang, Terry and Rixner, Scott and Warren, Joe},
 title = {An Environment for Learning Interactive Programming},
 booktitle = {Proceedings of the 45th ACM Technical Symposium on Computer Science Education},
 series = {SIGCSE '14},
 year = {2014},
 isbn = {978-1-4503-2605-6},
 location = {Atlanta, Georgia, USA},
 pages = {671--676},
 numpages = {6},
 url = {http://doi.acm.org/10.1145/2538862.2538908},
 doi = {10.1145/2538862.2538908},
 acmid = {2538908},
 publisher = {ACM},
 address = {New York, NY, USA},
 keywords = {CS1, interactive, python, visualization},
} 