@ONLINE{maop,
author = {Virginia Tech},
title = {The multicultural academic opportunities program (MAOP)},
month = {dec},
year = {2009},
url = {http://www.maop.vt.edu/}
}
@article{McKinsey,
  title={Big data: The next frontier for innovation, competition, and productivity},
  author={Manyika, James and Chui, Michael and Brown, Brad and Bughin, Jacques and Dobbs, Richard and Roxburgh, Charles and Byers, Angela H},
  year={2011}
}
@article{tpack,
  title={What is technological pedagogical content knowledge (TPACK)?},
  author={Koehler, Matthew and Mishra, Punya},
  journal={Contemporary Issues in Technology and Teacher Education},
  volume={9},
  number={1},
  pages={60--70},
  year={2009}
}
@inproceedings{sonification,
  title={Sonification design guidelines to enhance program comprehension},
  author={Hussein, Khaled and Tilevich, Eli and Bukvic, Ivica Ico and Kim, SooBeen},
  booktitle={Program Comprehension, 2009. ICPC'09. IEEE 17th International Conference on},
  pages={120--129},
  year={2009},
  organization={IEEE}
}
@inproceedings{Anderson,
 author = {Anderson, Ruth E. and Ernst, Michael D. and Ord\'{o}\~{n}ez, Robert and Pham, Paul and Wolfman, Steven A.},
 title = {Introductory Programming Meets the Real World: Using Real Problems and Data in CS1},
 booktitle = {Proceedings of the 45th ACM Technical Symposium on Computer Science Education},
 series = {SIGCSE '14},
 year = {2014},
 isbn = {978-1-4503-2605-6},
 location = {Atlanta, Georgia, USA},
 pages = {465--466},
 numpages = {2},
 url = {http://doi.acm.org/10.1145/2538862.2538994},
 doi = {10.1145/2538862.2538994},
 acmid = {2538994},
 publisher = {ACM},
 address = {New York, NY, USA},
 keywords = {CS1, data processing, data programming, introductory computing},
} 
@book{how-people-learn,
    title={How people learn},
    author={Bransford, John D and Brown, Ann L and Cocking, Rodney R and others},
    year={2000},
    publisher={National Academy Press Washington, DC}
}

@article{bart-rtw,
 author = {Bart, A. C. and Tilevich, E. and Hall, S. and Allevato, T. and Shaffer, C. A.},
 title = {Using Real-Time Web Data to Enrich Introductory Computer Science Projects},
 booktitle = {SPLASH-E '13},
 year = {2013},
 location = {Indianapolis, IN},
 url = {http://www.cs.pomona.edu/splashe/SPLASH-E2013/SPLASH-E_2013_files/splash13.acbart.final2.pdf},
 month = {Oct},
 day = {26--31},
} 

@inproceedings{bart-rtw-success,
 author = {Bart, A. C. and Tilevich, E. and Hall, S. and Allevato, T. and Shaffer, C. A.},
 title = {Transforming Introductory Computer Science Projects via Real-time Web Data},
 booktitle = {Proceedings of the 45th ACM Technical Symposium on Computer Science Education},
 series = {SIGCSE '14},
 year = {2014},
 isbn = {978-1-4503-2605-6},
 location = {Atlanta, Georgia, USA},
 pages = {289--294},
 numpages = {6},
 url = {http://doi.acm.org/10.1145/2538862.2538941},
 doi = {10.1145/2538862.2538941},
 acmid = {2538941},
 publisher = {ACM},
 address = {New York, NY, USA},
 keywords = {distributed computing, introductory courses, projects},
} 

@inproceedings{intro-cs-language,
    author = {Hertz, Matthew and Ford, Sarah Michele},
    title = {Investigating Factors of Student Learning in Introductory Courses},
    booktitle = {Proceeding of the 44th ACM Technical Symposium on Computer Science Education},
    series = {SIGCSE '13},
    year = {2013},
    isbn = {978-1-4503-1868-6},
    location = {Denver, Colorado, USA},
    pages = {195--200},
    numpages = {6},
    url = {http://doi.acm.org/10.1145/2445196.2445254},
    doi = {10.1145/2445196.2445254},
    acmid = {2445254},
    publisher = {ACM},
    address = {New York, NY, USA},
    keywords = {CS1, CS2, curriculum design, survey},
} 

@article{webcat,
    author = {Edwards, Stephen H. and Perez-Quinones, Manuel A.},
    title = {Web-CAT: Automatically Grading Programming Assignments},
    journal = {SIGCSE Bull.},
    issue_date = {September 2008},
    volume = {40},
    number = {3},
    month = jun,
    year = {2008},
    issn = {0097-8418},
    pages = {328--328},
    numpages = {1},
    url = {http://doi.acm.org/10.1145/1597849.1384371},
    doi = {10.1145/1597849.1384371},
    acmid = {1384371},
    publisher = {ACM},
    address = {New York, NY, USA},
    keywords = {assessment, automated grading, evaluation, feedback, manual grading, marking, programming assignment},
} 

@inproceedings{threshold-concepts,
    author = {Sanders, Kate and Boustedt, Jonas and Eckerdal, Anna and McCartney, Robert and Mostr\"{o}m, Jan Erik and Thomas, Lynda and Zander, Carol},
    title = {Threshold Concepts and Threshold Skills in Computing},
    booktitle = {Proceedings of the Ninth Annual International Conference on International Computing Education Research},
    series = {ICER '12},
    year = {2012},
    isbn = {978-1-4503-1604-0},
    location = {Auckland, New Zealand},
    pages = {23--30},
    numpages = {8},
    url = {http://doi.acm.org/10.1145/2361276.2361283},
    doi = {10.1145/2361276.2361283},
    acmid = {2361283},
    publisher = {ACM},
    address = {New York, NY, USA},
    keywords = {threshold concepts, threshold skills},
} 

@inproceedings{carter-aptitude,
 author = {Carter, Lori},
 title = {Why Students with an Apparent Aptitude for Computer Science Don'T Choose to Major in Computer Science},
 booktitle = {Proceedings of the 37th SIGCSE Technical Symposium on Computer Science Education},
 series = {SIGCSE '06},
 year = {2006},
 isbn = {1-59593-259-3},
 location = {Houston, Texas, USA},
 pages = {27--31},
 numpages = {5},
 url = {http://doi.acm.org/10.1145/1121341.1121352},
 doi = {10.1145/1121341.1121352},
 acmid = {1121352},
 publisher = {ACM},
 address = {New York, NY, USA},
 keywords = {computer science major, declining computer science enrollment, definition of computer science, gender issues in computer science, high school computer science education},
} 

@article{Egger,
    author = {Egger, Anne E.}, 
    title = {Engaging Students in Earthquakes via Real-Time Data and Decisions},
    volume = {336}, 
    number = {6089}, 
    pages = {1654-1655}, 
    year = {2012}, 
    doi = {10.1126/science.1214293}, 
    URL = {http://www.sciencemag.org/content/336/6089/1654.short}, 
    eprint = {http://www.sciencemag.org/content/336/6089/1654.full.pdf}, 
    journal = {Science} 
}

@Book{datamining,
    title = {Data Mining with R, learning with case studies},
    author = {L. Torgo},
    publisher = {Chapman and Hall/CRC},
    year = {2010},
    url = {http://www.liaad.up.pt/~ltorgo/DataMiningWithR},
}

@article{Waldman,
    author = {Waldman, Marc},
    title = {Keeping it real: utilizing {NYC} open data in an introduction to database systems course},
    journal = {J. Comput. Sci. Coll.},
    issue_date = {June 2013},
    volume = {28},
    number = {6},
    month = jun,
    year = {2013},
    issn = {1937-4771},
    pages = {156--161},
    numpages = {6},
    url = {http://dl.acm.org/citation.cfm?id=2460156.2460186},
    acmid = {2460186},
    publisher = {Consortium for Computing Sciences in Colleges},
    address = {USA},
}

@techreport{CS2013,
    title = {Computer Science Curricula 2013},
    author = {ACM/IEEE-CS Joint Task Force on Computing Curricula},
    month = {December},
    year = {2013},
    institution = {ACM Press and IEEE Computer Society Press},
    url = {http://dx.doi.org/10.1145/2534860},
    doi = {10.1145/2534860}
}


@book{lave-situated,
    title={Situated learning: Legitimate peripheral participation},
    author={Lave, Jean and Wenger, Etienne},
    year={1991},
    publisher={Cambridge university press}
}

@article{preauthentication,
    title={The real world on a short leash: The (mis) application of constructivism to the design of educational technology},
    author={Petraglia, Joseph},
    journal={Educational Technology Research and Development},
    volume={46},
    number={3},
    pages={53--65},
    year={1998},
    publisher={Springer}
}

@article{wing2006,
    title={Computational thinking},
    author={Wing, Jeannette M},
    journal={Communications of the ACM},
    volume={49},
    number={3},
    pages={33--35},
    year={2006}
}

@incollection{weinberg2013,
    author = "Weinberg, A.",
    title = "Computational Thinking: An Investigation of the Existing Scholarship and Research",
    booktitle = "School of Education",
    address = "Colorado State University",
    publisher = "Fort Collins",
    year = 2013
}

@article{Randolph2008,
    author = "Randolph, J. and J., G. and Sutinen, E. and Lehman, S.",
    title = "A Methodological Review of Computer Science Education Research",
    journal = "Journal of Information Technology Education",
    volume = "7",
    pages = "135--162",
    year = 2008
}

@article{bundy2007,
    author = "Bundy, A.",
    title = "Computational thinking is pervasive",
    journal = "Journal of Scientific and Practical Computing",
    volume = "1",
    number = "2",
    pages = "67--69",
    year = 2007
}

@article{day2011,
    author = "Day, C.",
    title = "Computational thinking is becoming one of the three {R}'s",
    journal = "Computing in Science and Engineering",
    volume = "13",
    number = "1",
    pages = "88--88",
    year = 2011
}

@article{cassel2011,
    author = "Cassel, L. N.",
    title = "Interdisciplinary computing is the answer: Now, what was the question?",
    journal = "ACM Inroads",
    volume=  "2",
    number = "1",
    pages = "4--6",
    year = 2011
}

@book{pfeiffer1962,
    author = "Pfeiffer, J.",
    title = "The thinking machine",
    publisher = "Philadephia, PA: Lippincott",
    year = 1962
}

@article{papert1996,
    title={An exploration in the space of mathematics educations},
    author={Papert, Seymour},
    journal={International Journal of Computers for Mathematical Learning},
    volume={1},
    number={1},
    pages={95--123},
    year={1996},
    publisher={Springer}
}

@ONLINE{google-computational-thinking,
    author = {Google Inc.},
    title = {Exploring Computational Thinking},
    year = {2011},
    url = {http://www.google.com/edu/computational-thinking/}
}

@ONLINE{csta-computational-thinking,
    author = {International Society for Technology in Education (ISTE) and the Computer Science Teachers Association (CSTA)},
    title = {Operational Definition of Computational Thinking},
    year = {2011},
    url = {http://csta.acm.org/Curriculum/sub/CurrFiles/CompThinkingFlyer.pdf}
}


@ONLINE{cs-principles-release,
    author = {The College Board},
    title = {The National Science Foundation Provides \$5.2 Million Grant to Create New Advanced Placement Computer Science Course and Exam},
    year = {2013},
    date = {6/13/2013},
    url={http://press.collegeboard.org/releases/2013/national-science-foundation-provides-52-million-grant-create-new-advanced-placement-compute}
}

@ONLINE{ncwit-stats,
    author = {National Center for Women and Information Technology (NCWIT)},
    title = {NCWIT's Women in IT: By the Numbers},
    year = {2013},
    date = {2/27/2013},
    url={https://www.ncwit.org/bythenumbers}
}

@inproceedings{Carter2006,
    author = {Carter, Lori},
    title = {Why students with an apparent aptitude for computer science don't choose to major in computer science},
    booktitle = "Proceedings of the 37th SIGCSE technical symposium on Computer science education",
    series = {SIGCSE '06},
    year = {2006},
    isbn = {1-59593-259-3},
    location = {Houston, Texas, USA},
    pages = {27--31},
    numpages = {5},
    url = {http://doi.acm.org/10.1145/1121341.1121352},
    doi = {10.1145/1121341.1121352},
    acmid = {1121352},
    publisher = {ACM},
    address = {New York, NY, USA},
    keywords = {computer science major, declining computer science enrollment, definition of computer science, gender issues in computer science, high school computer science education},
} 

@ONLINE{huitt,
    author = {Huitt, W.},
    title = {Humanism and open education},
    journal = "Educational Psychology Interactive",
    location = {Valdosta, GA: Valdosta State University},
    year = {2009},
    url={http://www.edpsycinteractive.org/topics/affect/humed.html}
}

@book{jones-validity,
    author = "Jones, B. D. and Skaggs, G.",
    title = "Validation of the MUSIC Model of Academic Motivation Inventory: A measure of students' motivation in college courses",
    publisher = "Research presented at the International Conference on Motivation 2012",
    year = 2012,
    location= "Frankfurt, Germany"
}

@article{jones-description,
    author = "Jones, B. D.",
    title = "Motivating students to engage in learning: {The} {MUSIC} model of academic motivation",
    journal = "International Journal of Teaching and Learning in Higher Education",
    volume = "21",
    number = "2",
    pages = "272--285",
    year = 2009
}
@article{theory-end,
  title={The end of theory},
  author={Anderson, Chris},
  journal={Wired magazine},
  volume={16},
  year={2008}
}
@article{authentic-assessment,
    year={2004},
    issn={1042-1629},
    journal={Educational Technology Research and Development},
    volume={52},
    number={3},
    doi={10.1007/BF02504676},
    title={A five-dimensional framework for authentic assessment},
    url={http://dx.doi.org/10.1007/BF02504676},
    publisher={Kluwer Academic Publishers},
    author={Gulikers, JudithT.M. and Bastiaens, TheoJ. and Kirschner, PaulA.},
    pages={67-86},
    language={English}
}


@article{situated-cognition,
    year={1995},
    issn={1042-1629},
    journal={Educational Technology Research and Development},
    volume={43},
    number={2},
    doi={10.1007/BF02300472},
    title={Situated cognition and learning environments: Roles, structures, and implications for design},
    url={http://dx.doi.org/10.1007/BF02300472},
    publisher={Kluwer Academic Publishers},
    author={Choi, Jeong-Im and Hannafin, Michael},
    pages={53-69},
    language={English}
}


@inproceedings{werner-fairy,
    title={The Fairy Performance Assessment: Measuring computational thinking in middle school},
    author={Werner, Linda and Denner, Jill and Campe, Shannon and Kawamoto, Damon Chizuru},
    booktitle={Proceedings of the 43rd ACM technical symposium on Computer Science Education},
    pages={215--220},
    year={2012},
    organization={ACM}
}

@article{marshall-ct,
    title={Was that CT? Assessing Computational Thinking Patterns through Video-Based Prompts.},
    author={Marshall, Krista Sekeres},
    journal={Online Submission},
    year={2011},
    publisher={ERIC}
}

@inproceedings{burns-soft,
    title={Integrating hard and soft skills: Software engineers serving middle school teachers},
    author={Burns, Richard and Pollock, Lori and Harvey, Terry},
    booktitle={Proceedings of the 43rd ACM technical symposium on Computer Science Education},
    pages={209--214},
    year={2012},
    organization={ACM}
}
@article{shaffer2010algorithm,
  title={Algorithm visualization: The state of the field},
  author={Shaffer, Clifford A and Cooper, Matthew L and Alon, Alexander Joel D and Akbar, Monika and Stewart, Michael and Ponce, Sean and Edwards, Stephen H},
  journal={ACM Transactions on Computing Education (TOCE)},
  volume={10},
  number={3},
  pages={9},
  year={2010},
  publisher={ACM}
}

@inproceedings{shaffer2011getting,
  title={Getting algorithm visualizations into the classroom},
  author={Shaffer, Clifford A and Akbar, Monika and Alon, Alexander Joel D and Stewart, Michael and Edwards, Stephen H},
  booktitle={Proceedings of the 42nd ACM technical symposium on Computer science education},
  pages={129--134},
  year={2011},
  organization={ACM}
}
@inproceedings{shaffer2007algorithm,
  title={Algorithm visualization: a report on the state of the field},
  author={Shaffer, Clifford A and Cooper, Matthew and Edwards, Stephen H},
  booktitle={ACM SIGCSE Bulletin},
  volume={39},
  number={1},
  pages={150--154},
  year={2007},
  organization={ACM}
}
@inproceedings{shaffer2011truly,
  title={Truly interactive textbooks for computer science education},
  author={Shaffer, Clifford A and Naps, Thomas L and Fouh, Eric},
  booktitle={Proceedings of the 6th Program Visualization Workshop},
  pages={97--103},
  year={2011}
}
@inproceedings{shaffer2010building,
  title={Building an online educational community for algorithm visualization},
  author={Shaffer, Clifford A and Naps, Thomas L and Rodger, Susan H and Edwards, Stephen H},
  booktitle={Proceedings of the 41st ACM technical symposium on Computer science education},
  pages={475--476},
  year={2010},
  organization={ACM}
}
@inproceedings{Carter,
    author = {Carter, Lori},
    title = {Why students with an apparent aptitude for computer science don't choose to major in computer science},
    booktitle = {Proceedings of the 37\superscript{th} SIGCSE technical symposium on Computer science education},
    series = {SIGCSE '06},
    year = {2006},
    isbn = {1-59593-259-3},
    location = {Houston, Texas, USA},
    pages = {27--31},
    numpages = {5},
    url = {http://doi.acm.org/10.1145/1121341.1121352},
    doi = {10.1145/1121341.1121352},
    acmid = {1121352},
    publisher = {ACM},
    address = {New York, NY, USA},
    keywords = {computer science major, declining computer science enrollment, definition of computer science, gender issues in computer science, high school computer science education},
} 

@inproceedings{Fisher,
    author = {Fisher, Allan and Margolis, Jane and Miller, Faye},
    title = {Undergraduate women in computer science: experience, motivation and culture},
    booktitle = {Proceedings of the 28the SIGCSE technical symposium on Computer science education},
    series = {SIGCSE '97},
    year = {1997},
    isbn = {0-89791-889-4},
    location = {San Jose, California, USA},
    pages = {106--110},
    numpages = {5},
    url = {http://doi.acm.org/10.1145/268084.268127},
    doi = {10.1145/268084.268127},
    acmid = {268127},
    publisher = {ACM},
    address = {New York, NY, USA},
} 

@inproceedings{Ironman,
    author = {Sahami, Mehran and Roach, Steve and Cuadros-Vargas, Ernesto and Reed, David},
    title = {Computer science curriculum 2013: reviewing the strawman report from the ACM/IEEE-CS task force},
    booktitle = {Proceedings of the 43\superscript{rd} ACM technical symposium on Computer Science Education},
    series = {SIGCSE '12},
    year = {2012},
    isbn = {978-1-4503-1098-7},
    location = {Raleigh, North Carolina, USA},
    pages = {3--4},
    numpages = {2},
    url = {http://doi.acm.org/10.1145/2157136.2157140},
    doi = {10.1145/2157136.2157140},
    acmid = {2157140},
    publisher = {ACM},
    address = {New York, NY, USA},
    keywords = {CS2013, computing curricula 2013: computer science},
}

@article{Cordova,
    title={Intrinsic motivation and the process of learning: Beneficial effects of contextualization, personalization, and choice},
    author={Cordova, Diana I and Lepper, Mark R},
    journal={Journal of educational psychology},
    volume={88},
    pages={715--730},
    year={1996}
}


@INBOOK{racket,
    title = {How to Design Programs},
    author = {Felleisen, Matthias and Findler, Robert Bruce and Flatt, Matthew and Krishnamurthi, Shriram},
    edition = {Second},
    year = {2012},
    URL = {http://www.ccs.neu.edu/home/matthias/HtDP2e/}
}

@book{stats,
    author = {Downey, Allen B.},
    day = {22},
    howpublished = {Paperback},
    isbn = {1449307116},
    keywords = {book, python, statistics},
    month = jul,
    posted-at = {2012-02-29 00:39:30},
    priority = {2},
    publisher = {O'Reilly Media},
    title = {{Think Stats}},
    url = {http://greenteapress.com/thinkstats/thinkstats.pdf},
    year = {2011}
}

@Book{datamining,
    title = {Data Mining with R, learning with case studies},
    author = {L. Torgo},
    publisher = {Chapman and Hall/CRC},
    year = {2010},
    url = {http://www.liaad.up.pt/~ltorgo/DataMiningWithR},
}


@inproceedings{Edwards,
    author = {Edwards, Stephen},
    title = {Using test-driven development in the classroom: Providing students with automatic, concrete feedback on performance.},
    booktitle = {Proceedings of the International Conference on Education and Information Systems: Technologies and Applications},
    series = {EISTA},
    year = 2003,
}

@article{Deci,
    address = {Department of Clinical and Social Sciences in Psychology, University of Rochester, Rochester, NY 14627, USA. ryan@psych.rochester.edu},
    author = {Ryan, R. M. and Deci, E. L.},
    citeulike-article-id = {1770647},
    citeulike-linkout-0 = {http://view.ncbi.nlm.nih.gov/pubmed/11392867},
    citeulike-linkout-1 = {http://www.hubmed.org/display.cgi?uids=11392867},
    issn = {0003-066X},
    journal = {The American psychologist},
    keywords = {selbstbestimmungstheorie},
    month = jan,
    number = {1},
    pages = {68--78},
    pmid = {11392867},
    posted-at = {2010-02-03 20:55:55},
    priority = {2},
    title = {{Self-determination theory and the facilitation of intrinsic motivation, social development, and well-being.}},
    url = {http://view.ncbi.nlm.nih.gov/pubmed/11392867},
    volume = {55},
    year = {2000}
}

@article{lindoo-plagarism,
    author = {Lindoo, Ed},
    title = {In an Effort to Reduce Accidental Plagiarism by Computer Science Students},
    journal = {J. Comput. Sci. Coll.},
    issue_date = {December 2013},
    volume = {29},
    number = {2},
    month = dec,
    year = {2013},
    issn = {1937-4771},
    pages = {79--84},
    numpages = {6},
    url = {http://dl.acm.org/citation.cfm?id=2535418.2535429},
    acmid = {2535429},
    publisher = {Consortium for Computing Sciences in Colleges},
    address = {USA},
}

@book{heeter-comparison,
    title= {Situated Learning for designers: Social, Cognitive and Situative Framework},
    author= {C. Heeter},
    year= {2005},
    publisher={Michigan State University}
}

@article{ben-situated,
    title={Situated learning in computer science education},
    author={Ben-Ari, Mordechai},
    journal={Computer Science Education},
    volume={14},
    number={2},
    pages={85--100},
    year={2004},
    publisher={Taylor \& Francis}
}

@inproceedings{cutts-cognition,
    title={The abstraction transition taxonomy: Developing desired learning outcomes through the lens of situated cognition},
    author={Cutts, Quintin and Esper, Sarah and Fecho, Marlena and Foster, Stephen R and Simon, Beth},
    booktitle={Proceedings of the ninth annual international conference on International computing education research},
    pages={63--70},
    year={2012},
    organization={ACM}
}


@inproceedings{knobelsdorf2007computer,
    title={Computer science in context: pathways to computer science},
    author={Knobelsdorf, Maria and Schulte, Carsten},
    booktitle={Proceedings of the Seventh Baltic Sea Conference on Computing Education Research-Volume 88},
    pages={65--76},
    year={2007},
    organization={Australian Computer Society, Inc.}
}


@article{dijkstra,
    author = {Dijkstra, Edsger W.},
    title = {How Do We Tell Truths That Might Hurt?},
    journal = {SIGPLAN Not.},
    issue_date = {May 1982},
    volume = {17},
    number = {5},
    month = may,
    year = {1982},
    issn = {0362-1340},
    pages = {13--15},
    numpages = {3},
    url = {http://doi.acm.org/10.1145/947923.947924},
    doi = {10.1145/947923.947924},
    acmid = {947924},
    publisher = {ACM},
    address = {New York, NY, USA},
} 

@ONLINE{ncwit-stats,
    author = {National Center for Women and Information Technology (NCWIT)},
    title = {NCWIT's Women in IT: By the Numbers},
    year = {2013},
    date = {2/27/2013},
    url={https://www.ncwit.org/bythenumbers}
}

@inproceedings{novice-errors,
    author = {Marceau, Guillaume and Fisler, Kathi and Krishnamurthi, Shriram},
    title = {Mind Your Language: On Novices' Interactions with Error Messages},
    booktitle = {Proceedings of the 10th SIGPLAN Symposium on New Ideas, New Paradigms, and Reflections on Programming and Software},
    series = {ONWARD '11},
    year = {2011},
    isbn = {978-1-4503-0941-7},
    location = {Portland, Oregon, USA},
    pages = {3--18},
    numpages = {16},
    url = {http://doi.acm.org/10.1145/2048237.2048241},
    doi = {10.1145/2048237.2048241},
    acmid = {2048241},
    publisher = {ACM},
    address = {New York, NY, USA},
    keywords = {beginner-friendly ides, error message design, novice programmers, user-studies},
} 

@inproceedings{hill-collaboration,
    author = {Hill, Benjamin Mako and Monroy-Hern\'{a}ndez, Andr{\'e}s},
    title = {The Cost of Collaboration for Code and Art: Evidence from a Remixing Community},
    booktitle = {Proceedings of the 2013 Conference on Computer Supported Cooperative Work},
    series = {CSCW '13},
    year = {2013},
    isbn = {978-1-4503-1331-5},
    location = {San Antonio, Texas, USA},
    pages = {1035--1046},
    numpages = {12},
    url = {http://doi.acm.org/10.1145/2441776.2441893},
    doi = {10.1145/2441776.2441893},
    acmid = {2441893},
    publisher = {ACM},
    address = {New York, NY, USA},
    keywords = {computer mediated communication, computers and children, creativity support tools, online communities, remixing, social computing and social navigation},
} 

@article{resnick-scratch,
    title={Scratch: programming for all},
    author={Resnick, Mitchel and Maloney, John and Monroy-Hern{\'a}ndez, Andr{\'e}s and Rusk, Natalie and Eastmond, Evelyn and Brennan, Karen and Millner, Amon and Rosenbaum, Eric and Silver, Jay and Silverman, Brian and others},
    journal={Communications of the ACM},
    volume={52},
    number={11},
    pages={60--67},
    year={2009},
    publisher={ACM}
}

@inproceedings{dann-mediated,
    title={Mediated Transfer: Alice 3 to Java},
    author={Dann, Wanda and Cosgrove, Dennis and Slater, Don and Culyba, Dave and Cooper, Steve},
    booktitle={Proceedings of the 43rd ACM technical symposium on Computer Science Education},
    pages={141--146},
    year={2012},
    organization={ACM}
}

@article{preauthentication,
    title={The real world on a short leash: The (mis) application of constructivism to the design of educational technology},
    author={Petraglia, Joseph},
    journal={Educational Technology Research and Development},
    volume={46},
    number={3},
    pages={53--65},
    year={1998},
    publisher={Springer}
}

@article{choi-situated,
    title={Situated cognition and learning environments: Roles, structures, and implications for design},
    author={Choi, Jeong-Im and Hannafin, Michael},
    journal={Educational Technology Research and Development},
    volume={43},
    number={2},
    pages={53--69},
    year={1995},
    publisher={Springer}
}

@article{herrington-instructional,
    title={An instructional design framework for authentic learning environments},
    author={Herrington, Jan and Oliver, Ron},
    journal={Educational technology research and development},
    volume={48},
    number={3},
    pages={23--48},
    year={2000},
    publisher={Springer}
}

@book{cambridge-handbook,
    author = {Sawyer, R. Keith, ed.},
    title = {The Cambridge Handbook of the Learning Sciences},
    publisher = {Cambridge University Press},
    year = {2005},
}

@book{rogoff1984everyday,
    title={Everyday cognition: Its development in social context},
    author={Rogoff, Barbara Ed and Lave, Jean Ed},
    year={1984},
    pages={1--8},
    publisher={Harvard University Press}
}


@article{jones-music,
    title={Motivating students to engage in learning: The MUSIC Model of Academic Motivation},
    author={Jones, Brett D},
    journal={International Journal of Teaching and Learning in Higher Education},
    volume={21},
    number={2},
    pages={272--285},
    year={2009},
    publisher={Research presented at the annual Conference on Higher Education Pedagogy, Blacksburg, VA}
}

@inproceedings{interactive-python,
    author = {Guo, Philip J.},
    title = {Online Python Tutor: Embeddable Web-based Program Visualization for Cs Education},
    booktitle = {Proceeding of the 44th ACM Technical Symposium on Computer Science Education},
    series = {SIGCSE '13},
    year = {2013},
    isbn = {978-1-4503-1868-6},
    location = {Denver, Colorado, USA},
    pages = {579--584},
    numpages = {6},
    doi = {10.1145/2445196.2445368},
    acmid = {2445368},
    publisher = {ACM},
    address = {New York, NY, USA},
    keywords = {CS1, program visualization, python},
} 

@inproceedings{allevato,
    title={Streamlining project setup in eclipse for both time-constrained and large-scale assignments (abstract only)},
    author={Boyd, Ellen and Allevato, Anthony},
    booktitle={Proceedings of the 43rd ACM technical symposium on Computer Science Education},
    pages={667--667},
    year={2012},
    organization={ACM}
}


@inproceedings{carter-social,
    author = {Carter, Adam S.},
    title = {Supporting the Virtual Design Studio Through Social Programming Environments},
    booktitle = {Proceedings of the Ninth Annual International Conference on International Computing Education Research},
    series = {ICER '12},
    year = {2012},
    isbn = {978-1-4503-1604-0},
    location = {Auckland, New Zealand},
    pages = {157--158},
    numpages = {2},
    url = {http://doi.acm.org/10.1145/2361276.2361309},
    doi = {10.1145/2361276.2361309},
    acmid = {2361309},
    publisher = {ACM},
    address = {New York, NY, USA},
    keywords = {integrated development environment, social programming},
} 

@book{wirth,
    author = {Wirth, Niklaus},
    title = {Algorithms + Data Structures = Programs},
    year = {1978},
    isbn = {0130224189},
    publisher = {Prentice Hall PTR},
    address = {Upper Saddle River, NJ, USA},
}


@article{Randolph2008,
    author = "Randolph, J. and J., G. and Sutinen, E. and Lehman, S.",
    title = "A Methodological Review of Computer Science Education Research",
    journal = "Journal of Information Technology Education",
    volume = "7",
    pages = "135--162",
    year = 2008
}

@article{cassel2011,
    author = "Cassel, L. N.",
    title = "Interdisciplinary computing is the answer: Now, what was the question?",
    journal = "ACM Inroads",
    volume=  "2",
    number = "1",
    pages = "4--6",
    year = 2011
}


@book{pfeiffer1962,
    author = "Pfeiffer, J.",
    title = "The thinking machine",
    publisher = "Philadephia, PA: Lippincott",
    year = 1962
}

@article{papert1996,
    title={An exploration in the space of mathematics educations},
    author={Papert, Seymour},
    journal={International Journal of Computers for Mathematical Learning},
    volume={1},
    number={1},
    pages={95--123},
    year={1996},
    publisher={Springer}
}

@ONLINE{google-computational-thinking,
    author = {Google Inc.},
    title = {Exploring Computational Thinking},
    year = {2011},
    url = {http://www.google.com/edu/computational-thinking/}
}

@ONLINE{csta-computational-thinking,
    author = {International Society for Technology in Education (ISTE) and the Computer Science Teachers Association (CSTA)},
    title = {Operational Definition of Computational Thinking},
    year = {2011},
    url = {http://csta.acm.org/Curriculum/sub/CurrFiles/CompThinkingFlyer.pdf}
}


@ONLINE{cs-principles-release,
    author = {The College Board},
    title = {The National Science Foundation Provides \$5.2 Million Grant to Create New Advanced Placement Computer Science Course and Exam},
    year = {2013},
    date = {6/13/2013},
    url={http://press.collegeboard.org/releases/2013/national-science-foundation-provides-52-million-grant-create-new-advanced-placement-compute}
}

@ONLINE{ncwit-stats,
    author = {National Center for Women and Information Technology (NCWIT)},
    title = {NCWIT's Women in IT: By the Numbers},
    year = {2013},
    date = {2/27/2013},
    url={https://www.ncwit.org/bythenumbers}
}


@ONLINE{huitt,
    author = {Huitt, W.},
    title = {Humanism and open education},
    journal = "Educational Psychology Interactive",
    location = {Valdosta, GA: Valdosta State University},
    year = {2009},
    url={http://www.edpsycinteractive.org/topics/affect/humed.html}
}

@article{authentic-assessment,
    year={2004},
    issn={1042-1629},
    journal={Educational Technology Research and Development},
    volume={52},
    number={3},
    doi={10.1007/BF02504676},
    title={A five-dimensional framework for authentic assessment},
    url={http://dx.doi.org/10.1007/BF02504676},
    publisher={Kluwer Academic Publishers},
    author={Gulikers, JudithT.M. and Bastiaens, TheoJ. and Kirschner, PaulA.},
    pages={67-86},
    language={English}
}




@inproceedings{werner-fairy,
    title={The Fairy Performance Assessment: Measuring computational thinking in middle school},
    author={Werner, Linda and Denner, Jill and Campe, Shannon and Kawamoto, Damon Chizuru},
    booktitle={Proceedings of the 43rd ACM technical symposium on Computer Science Education},
    pages={215--220},
    year={2012},
    organization={ACM}
}

@article{marshall-ct,
    title={Was that CT? Assessing Computational Thinking Patterns through Video-Based Prompts.},
    author={Marshall, Krista Sekeres},
    journal={Online Submission},
    year={2011},
    publisher={ERIC}
}

@inproceedings{burns-soft,
    title={Integrating hard and soft skills: Software engineers serving middle school teachers},
    author={Burns, Richard and Pollock, Lori and Harvey, Terry},
    booktitle={Proceedings of the 43rd ACM technical symposium on Computer Science Education},
    pages={209--214},
    year={2012},
    organization={ACM}
}

@inproceedings{ShafferSIGCSE11,
author = {C.A. Shaffer and M. Akbar and A.J.D. Alon and M. Stewart and S.H. Edwards},
title = {Getting Algorithm Visualizations into the Classroom},
booktitle = {Proceedings of the 42nd ACM Technical Symposium on Computer
Science Education (SIGCSE'11)},
location = {Dallas, TX},
year = 2011,
pages = {129--134},
}

@inproceedings{ShafferPVW11,
author = "C.A. Shaffer and T.L. Naps and E. Fouh",
title = "Truly Interactive Textbooks for Computer Science Education",
booktitle = {Proceedings of the Sixth Program Visualization Workshop},
address = "Darmstadt, Germany",
month = "June",
year = 2011,
pages = "97--103",
}

@inproceedings{ShafferKoli11,
author= {C.A. Shaffer and V. Karavirta and A. Korhonen and T.L. Naps},
title = "{OpenDSA}: {B}eginning a Community Hypertextbook Project",
BookTitle = {Proceedings of the Eleventh Koli Calling International Conference on Computing Education Research},
address = "Koli National Park, Finland",
month = "November",
year = 2011,
pages = "112--117",
}

@article{Fouh:AV12,
author={E. Fouh and M. Akbar and C.A. Shaffer},
title = {The Role of Visualization in Computer Science Education},
journal = {Computers in the Schools},
volume = 29,
issue = {1-2},
year = 2012,
pages = {95--117},
}

@inproceedings{KorhonenWG13,
 author = {Korhonen, Ari and Naps, Thomas and Boisvert, Charles and Crescenzi, Pilu and Karavirta, Ville and Mannila, Linda and Miller, Bradley and Morrison, Briana and Rodger, Susan H. and Ross, Rocky and Shaffer, Clifford A.},
 title = {Requirements and Design Strategies for Open Source Interactive Computer Science eBooks},
 booktitle = {Proceedings of the ITiCSE Working Group Reports Conference on Innovation and Technology in Computer Science Education-working Group Reports},
 series = {ITiCSE -WGR '13},
 year = {2013},
 isbn = {978-1-4503-2665-0},
 location = {Canterbury, England, United Kingdom},
 pages = {53--72},
 numpages = {20},
 url = {http://doi.acm.org/10.1145/2543882.2543886},
 doi = {10.1145/2543882.2543886},
 acmid = {2543886},
 publisher = {ACM},
 address = {New York, NY, USA},
 keywords = {algorithm visualization, automated assessment, digital education, hypertext, interactive eBook},
}

@inproceedings{Karavirta:ITiCSE13,
 author = {V. Karavirta and C.A. Shaffer},
 title = {{JSAV}: The {J}ava{S}cript {A}lgorithm {V}isualization Library},
 booktitle = {Proceedings of the 18th Annual Conference on Innovation and Technology in Computer Science Education (ITiCSE 2013)},
 address = {Canterbury, UK},
 month = {July},
 pages = {159--164},
 year = 2013,
}

@inproceedings{Hall13,
 author = {S. Hall and E. Fouh and D. Breakiron and M. Elshehaly and C.A. Shaffer
},
 title = {Education Innovation for Data Structures and Algorithms Courses},
 booktitle = {Proceedings of ASEE Annual Conference},
 address = {Atlanta GA},
 month = {June},
 year = 2013,
 pages={Paper \#5951},
}

@article{Fouh14,
title = {Design and architecture of an interactive eTextbook -- The {OpenDSA} system},
author = {Fouh, E. and Karavirta, V. and Breakiron, D.A. and Hamouda, S. and Hall, S. and Naps, T.L. and Shaffer, C.A.},
year = 2014,
journal = {Science of Computer Programming},
number = 1,
volume = 88,
month = {August},
pages = {22--40},
}

@ONLINE{vt-horizon,
	  author = {Office of the Senior Vice President and Provost},
    title = {Academic Implementation Strategy for a Plan for a New Horizon: Envisioning Virginia Tech 2013-2018},
    location = {Blacksburg, VA: Virginia Tech},
    year = {2013},
    url={http://www.provost.vt.edu/resources_planning/academic_planning/implementation_plan_sep2013.pdf}
}

@inproceedings{bart-rtw-workshop,
 author = {Tilevich, Eli and Shaffer, Clifford A. and Bart, Austin Cory},
 title = {Creating Stimulating, Relevant, and Manageable Introductory Computer Science Projects That Utilize Real-time Web-based Data (Abstract Only)},
 booktitle = {Proceedings of the 45th ACM Technical Symposium on Computer Science Education},
 series = {SIGCSE '14},
 year = {2014},
 isbn = {978-1-4503-2605-6},
 location = {Atlanta, Georgia, USA},
 pages = {743--743},
 numpages = {1},
 url = {http://doi.acm.org/10.1145/2538862.2539002},
 doi = {10.1145/2538862.2539002},
 acmid = {2539002},
 publisher = {ACM},
 address = {New York, NY, USA},
 keywords = {distributed computing, introductory courses, projects},
} 

@inproceedings{runestone,
 author = {Korhonen, Ari and Naps, Thomas and Boisvert, Charles and Crescenzi, Pilu and Karavirta, Ville and Mannila, Linda and Miller, Bradley and Morrison, Briana and Rodger, Susan H. and Ross, Rocky and Shaffer, Clifford A.},
 title = {Requirements and Design Strategies for Open Source Interactive Computer Science eBooks},
 booktitle = {Proceedings of the ITiCSE Working Group Reports Conference on Innovation and Technology in Computer Science Education-working Group Reports},
 series = {ITiCSE -WGR '13},
 year = {2013},
 isbn = {978-1-4503-2665-0},
 location = {Canterbury, England, United Kingdom},
 pages = {53--72},
 numpages = {20},
 url = {http://doi.acm.org/10.1145/2543882.2543886},
 doi = {10.1145/2543882.2543886},
 acmid = {2543886},
 publisher = {ACM},
 address = {New York, NY, USA},
 keywords = {algorithm visualization, automated assessment, digital education, hypertext, interactive eBook},
} 

@inproceedings{blockly,
 author = {Marron, Assaf and Weiss, Gera and Wiener, Guy},
 title = {A Decentralized Approach for Programming Interactive Applications with JavaScript and Blockly},
 booktitle = {Proceedings of the 2Nd Edition on Programming Systems, Languages and Applications Based on Actors, Agents, and Decentralized Control Abstractions},
 series = {AGERE! '12},
 year = {2012},
 isbn = {978-1-4503-1630-9},
 location = {Tucson, Arizona, USA},
 pages = {59--70},
 numpages = {12},
 url = {http://doi.acm.org/10.1145/2414639.2414648},
 doi = {10.1145/2414639.2414648},
 acmid = {2414648},
 publisher = {ACM},
 address = {New York, NY, USA},
 keywords = {behavioral programming, browser, client-side, coroutines, googleblockly, html5, javascript, visualprogramming, web application},
} 