@inproceedings{mlt,
 author = {Matsuzawa, Yoshiaki and Ohata, Takashi and Sugiura, Manabu and Sakai, Sanshiro},
 title = {Language Migration in non-CS Introductory Programming Through Mutual Language Translation Environment},
 booktitle = {Proceedings of the 46th ACM Technical Symposium on Computer Science Education},
 series = {SIGCSE '15},
 year = {2015},
 isbn = {978-1-4503-2966-8},
 location = {Kansas City, Missouri, USA},
 pages = {185--190},
 numpages = {6},
 acmid = {2677230},
 publisher = {ACM},
 address = {New York, NY, USA},
 keywords = {language migration, programming education, scaffolding, visual programming},
} 

@article{music,
    author = "Jones, B. D.",
    title = "Motivating students to engage in learning: {The} {MUSIC} model of academic motivation",
    journal = "International Journal of Teaching and Learning in Higher Education",
    volume = "21",
    number = "2",
    pages = "272--285",
    year = 2009
}

@inproceedings{anderson,
 author = {Anderson, Ruth E. and others},
 title = {Introductory Programming Meets the Real World: Using Real Problems and Data in CS1},
 booktitle = {Proceedings of the 45th ACM Technical Symposium on Computer Science Education},
 series = {SIGCSE '14},
 year = {2014},
 isbn = {978-1-4503-2605-6},
 location = {Atlanta, Georgia, USA},
 pages = {465--466},
 numpages = {2},
 acmid = {2538994},
 publisher = {ACM},
 address = {New York, NY, USA},
 keywords = {CS1, data processing, data programming, introductory computing},
} 

@inproceedings{pat,
  title={Review of recent systems for automatic assessment of programming assignments},
  author={Ihantola, Petri and Ahoniemi, Tuukka and Karavirta, Ville and Sepp{\"a}l{\"a}, Otto},
  booktitle={Proceedings of the 10th Koli Calling International Conference on Computing Education Research},
  pages={86--93},
  year={2010},
  organization={ACM}
}

@inproceedings{imagineering,
 author = {Guzdial, Mark and Tew, Allison Elliott},
 title = {Imagineering Inauthentic Legitimate Peripheral Participation: An Instructional Design Approach for Motivating Computing Education},
 booktitle = {Proceedings of the Second International Workshop on Computing Education Research},
 series = {ICER '06},
 year = {2006},
 isbn = {1-59593-494-4},
 location = {Canterbury, United Kingdom},
 pages = {51--58},
 numpages = {8},
 acmid = {1151597},
 publisher = {ACM},
 address = {New York, NY, USA},
 keywords = {CS1/2, course design, non-majors, programming},
} 