

@inproceedings{johnson2013student,
  title={Student and Faculty Perceptions of ICT Use in Undergradu-ate Agriculture Courses},
  author={Johnson, Donald M and Edgar, Leslie D and Cox, Casandra K},
  booktitle={The Effects of a Time Management Professional Development Seminar on Stress and Job Satisfaction of Beginning Agriscience Teachers in West Texas},
  volume={54},
  number={3},
  pages={171--185},
  year={2013}
}