@ONLINE{maop,
author = {Virginia Tech},
title = {The multicultural academic opportunities program (MAOP)},
month = {dec},
year = {2009},
url = {http://www.maop.vt.edu/}
}
@article{McKinsey,
  title={Big data: The next frontier for innovation, competition, and productivity},
	journal={McKinsey Global Institute},
  author={Manyika, James and Chui, Michael and Brown, Brad and Bughin, Jacques and Dobbs, Richard and Roxburgh, Charles and Byers, Angela H},
  year={2011}
}
@article{tpack,
  title={What is technological pedagogical content knowledge (TPACK)?},
  author={Koehler, Matthew and Mishra, Punya},
  journal={Contemporary Issues in Technology and Teacher Education},
  volume={9},
  number={1},
  pages={60--70},
  year={2009}
}
@inproceedings{sonification,
  title={Sonification design guidelines to enhance program comprehension},
  author={Hussein, Khaled and Tilevich, Eli and Bukvic, Ivica Ico and Kim, SooBeen},
  booktitle={Program Comprehension, 2009. ICPC'09. IEEE 17th International Conference on},
  pages={120--129},
  year={2009},
  organization={IEEE}
}
@inproceedings{Anderson,
 author = {Anderson, Ruth E. and Ernst, Michael D. and Ord\'{o}\~{n}ez, Robert and Pham, Paul and Wolfman, Steven A.},
 title = {Introductory Programming Meets the Real World: Using Real Problems and Data in CS1},
 booktitle = {Proceedings of the 45th ACM Technical Symposium on Computer Science Education},
 series = {SIGCSE '14},
 year = {2014},
 isbn = {978-1-4503-2605-6},
 location = {Atlanta, Georgia, USA},
 pages = {465--466},
 numpages = {2},
 url = {http://doi.acm.org/10.1145/2538862.2538994},
 doi = {10.1145/2538862.2538994},
 acmid = {2538994},
 publisher = {ACM},
 address = {New York, NY, USA},
 keywords = {CS1, data processing, data programming, introductory computing},
} 
@book{how-people-learn,
    title={How people learn},
    author={Bransford, John D and Brown, Ann L and Cocking, Rodney R and others},
    year={2000},
    publisher={National Academy Press Washington, DC}
}


@inproceedings{bart-transforming,
 author = {Bart, Austin Cory and Tilevich, Eli and Hall, Simin and Allevato, Tony and Shaffer, Clifford A.},
 title = {Transforming Introductory Computer Science Projects via Real-time Web Data},
 booktitle = {Proceedings of the 45th ACM Technical Symposium on Computer Science Education},
 series = {SIGCSE '14},
 year = {2014},
 isbn = {978-1-4503-2605-6},
 location = {Atlanta, Georgia, USA},
 pages = {289--294},
 numpages = {6},
 url = {http://doi.acm.org/10.1145/2538862.2538941},
 doi = {10.1145/2538862.2538941},
 acmid = {2538941},
 publisher = {ACM},
 address = {New York, NY, USA},
 keywords = {distributed computing, introductory courses, projects},
} 

@inproceedings{intro-cs-language,
    author = {Hertz, Matthew and Ford, Sarah Michele},
    title = {Investigating Factors of Student Learning in Introductory Courses},
    booktitle = {Proceeding of the 44th ACM Technical Symposium on Computer Science Education},
    series = {SIGCSE '13},
    year = {2013},
    isbn = {978-1-4503-1868-6},
    location = {Denver, Colorado, USA},
    pages = {195--200},
    numpages = {6},
    url = {http://doi.acm.org/10.1145/2445196.2445254},
    doi = {10.1145/2445196.2445254},
    acmid = {2445254},
    publisher = {ACM},
    address = {New York, NY, USA},
    keywords = {CS1, CS2, curriculum design, survey},
} 

@article{webcat,
    author = {Edwards, Stephen H. and Perez-Quinones, Manuel A.},
    title = {Web-CAT: Automatically Grading Programming Assignments},
    journal = {SIGCSE Bull.},
    issue_date = {September 2008},
    volume = {40},
    number = {3},
    month = jun,
    year = {2008},
    issn = {0097-8418},
    pages = {328--328},
    numpages = {1},
    url = {http://doi.acm.org/10.1145/1597849.1384371},
    doi = {10.1145/1597849.1384371},
    acmid = {1384371},
    publisher = {ACM},
    address = {New York, NY, USA},
    keywords = {assessment, automated grading, evaluation, feedback, manual grading, marking, programming assignment},
} 

@inproceedings{threshold-concepts,
    author = {Sanders, Kate and Boustedt, Jonas and Eckerdal, Anna and McCartney, Robert and Mostr\"{o}m, Jan Erik and Thomas, Lynda and Zander, Carol},
    title = {Threshold Concepts and Threshold Skills in Computing},
    booktitle = {Proceedings of the Ninth Annual International Conference on International Computing Education Research},
    series = {ICER '12},
    year = {2012},
    isbn = {978-1-4503-1604-0},
    location = {Auckland, New Zealand},
    pages = {23--30},
    numpages = {8},
    url = {http://doi.acm.org/10.1145/2361276.2361283},
    doi = {10.1145/2361276.2361283},
    acmid = {2361283},
    publisher = {ACM},
    address = {New York, NY, USA},
    keywords = {threshold concepts, threshold skills},
} 

@inproceedings{carter-aptitude,
 author = {Carter, Lori},
 title = {Why Students with an Apparent Aptitude for Computer Science Don'T Choose to Major in Computer Science},
 booktitle = {Proceedings of the 37th SIGCSE Technical Symposium on Computer Science Education},
 series = {SIGCSE '06},
 year = {2006},
 isbn = {1-59593-259-3},
 location = {Houston, Texas, USA},
 pages = {27--31},
 numpages = {5},
 url = {http://doi.acm.org/10.1145/1121341.1121352},
 doi = {10.1145/1121341.1121352},
 acmid = {1121352},
 publisher = {ACM},
 address = {New York, NY, USA},
 keywords = {computer science major, declining computer science enrollment, definition of computer science, gender issues in computer science, high school computer science education},
} 

@Book{datamining,
    title = {Data Mining with R, learning with case studies},
    author = {L. Torgo},
    publisher = {Chapman and Hall/CRC},
    year = {2010},
    url = {http://www.liaad.up.pt/~ltorgo/DataMiningWithR},
}

@article{Waldman,
    author = {Waldman, Marc},
    title = {Keeping it real: utilizing {NYC} open data in an introduction to database systems course},
    journal = {J. Comput. Sci. Coll.},
    issue_date = {June 2013},
    volume = {28},
    number = {6},
    month = jun,
    year = {2013},
    issn = {1937-4771},
    pages = {156--161},
    numpages = {6},
    url = {http://dl.acm.org/citation.cfm?id=2460156.2460186},
    acmid = {2460186},
    publisher = {Consortium for Computing Sciences in Colleges},
    address = {USA},
}

@techreport{CS2013,
    title = {Computer Science Curricula 2013},
    author = {ACM/IEEE-CS Joint Task Force on Computing Curricula},
    month = {December},
    year = {2013},
    institution = {ACM Press and IEEE Computer Society Press},
    url = {http://dx.doi.org/10.1145/2534860},
    doi = {10.1145/2534860}
}


@book{lave-situated,
    title={Situated learning: Legitimate peripheral participation},
    author={Lave, Jean and Wenger, Etienne},
    year={1991},
    publisher={Cambridge university press}
}

@article{preauthentication,
    title={The real world on a short leash: The (mis) application of constructivism to the design of educational technology},
    author={Petraglia, Joseph},
    journal={Educational Technology Research and Development},
    volume={46},
    number={3},
    pages={53--65},
    year={1998},
    publisher={Springer}
}

@article{wing2006,
    title={Computational thinking},
    author={Wing, Jeannette M},
    journal={Communications of the ACM},
    volume={49},
    number={3},
    pages={33--35},
    year={2006}
}

@incollection{weinberg2013,
    author = "Weinberg, A.",
    title = "Computational Thinking: An Investigation of the Existing Scholarship and Research",
    booktitle = "School of Education",
    address = "Colorado State University",
    publisher = "Fort Collins",
    year = 2013
}

@article{Randolph2008,
    author = "Randolph, J. and J., G. and Sutinen, E. and Lehman, S.",
    title = "A Methodological Review of Computer Science Education Research",
    journal = "Journal of Information Technology Education",
    volume = "7",
    pages = "135--162",
    year = 2008
}

@article{bundy2007,
    author = "Bundy, A.",
    title = "Computational thinking is pervasive",
    journal = "Journal of Scientific and Practical Computing",
    volume = "1",
    number = "2",
    pages = "67--69",
    year = 2007
}

@article{day2011,
    author = "Day, C.",
    title = "Computational thinking is becoming one of the three {R}'s",
    journal = "Computing in Science and Engineering",
    volume = "13",
    number = "1",
    pages = "88--88",
    year = 2011
}

@article{denning2009,
    author = "Denning, P. J.",
    title = "The profession of {IT}: {Beyond} computational thinking",
    journal = "Communications of the {ACM}",
    volume = "52",
    number = "6",
    pages = "28--30",
    year = 2009
}

@article{hemmendinger2010,
    author = "Hemmendinger, D.",
    title = "A plea for modesty",
    journal = "ACM Inroads",
    volume = "1",
    number = "2",
    pages = "4--7",
    year = 2010
}

@article{cassel2011,
    author = "Cassel, L. N.",
    title = "Interdisciplinary computing is the answer: Now, what was the question?",
    journal = "ACM Inroads",
    volume=  "2",
    number = "1",
    pages = "4--6",
    year = 2011
}

@misc{jacobs2009,
    author = "Jacobs, J. A.",
    title = "Interdisciplinary hype",
    publisher = "The Chronicle of Higher Education",
    month = "November",
    day = "22",
    year = 2009, 
    url = "http://chronicle.com/article/Interdisciplinary-Hype/49191/"
}

@book{pfeiffer1962,
    author = "Pfeiffer, J.",
    title = "The thinking machine",
    publisher = "Philadephia, PA: Lippincott",
    year = "1962"
}

@article{papert1996,
    title={An exploration in the space of mathematics educations},
    author={Papert, Seymour},
    journal={International Journal of Computers for Mathematical Learning},
    volume={1},
    number={1},
    pages={95--123},
    year={1996},
    publisher={Springer}
}

@misc{google-computational-thinking,
    author = {Google Inc.},
    title = {Exploring Computational Thinking},
    year = {2011},
    url = {http://www.google.com/edu/computational-thinking/}
}

@inproceedings{guzdial2006imagineering,
 author = {Guzdial, Mark and Tew, Allison Elliott},
 title = {Imagineering Inauthentic Legitimate Peripheral Participation: An Instructional Design Approach for Motivating Computing Education},
 booktitle = {Proceedings of the Second International Workshop on Computing Education Research},
 series = {ICER '06},
 year = {2006},
 isbn = {1-59593-494-4},
 location = {Canterbury, United Kingdom},
 pages = {51--58},
 numpages = {8},
 url = {http://doi.acm.org/10.1145/1151588.1151597},
 doi = {10.1145/1151588.1151597},
 acmid = {1151597},
 publisher = {ACM},
 address = {New York, NY, USA},
 keywords = {CS1/2, course design, non-majors, programming},
} 

@misc{csta-computational-thinking,
    author = {International Society for Technology in Education (ISTE) and the Computer Science Teachers Association (CSTA)},
    title = {Operational Definition of Computational Thinking},
    year = {2011},
    url = {http://csta.acm.org/Curriculum/sub/CurrFiles/CompThinkingFlyer.pdf}
}


@ONLINE{cs-principles-release,
    author = {The College Board},
    title = {The National Science Foundation Provides \$5.2 Million Grant to Create New Advanced Placement Computer Science Course and Exam},
    year = {2013},
    date = {6/13/2013},
    url={http://press.collegeboard.org/releases/2013/national-science-foundation-provides-52-million-grant-create-new-advanced-placement-compute}
}

@ONLINE{ncwit-stats,
    author = {National Center for Women and Information Technology (NCWIT)},
    title = {NCWIT's Women in IT: By the Numbers},
    year = {2013},
    date = {2/27/2013},
    url={https://www.ncwit.org/bythenumbers}
}

@inproceedings{Carter2006,
    author = {Carter, Lori},
    title = {Why students with an apparent aptitude for computer science don't choose to major in computer science},
    booktitle = "Proceedings of the 37th SIGCSE technical symposium on Computer science education",
    series = {SIGCSE '06},
    year = {2006},
    isbn = {1-59593-259-3},
    location = {Houston, Texas, USA},
    pages = {27--31},
    numpages = {5},
    url = {http://doi.acm.org/10.1145/1121341.1121352},
    doi = {10.1145/1121341.1121352},
    acmid = {1121352},
    publisher = {ACM},
    address = {New York, NY, USA},
    keywords = {computer science major, declining computer science enrollment, definition of computer science, gender issues in computer science, high school computer science education},
} 

@ONLINE{huitt,
    author = {Huitt, W.},
    title = {Humanism and open education},
    journal = "Educational Psychology Interactive",
    location = {Valdosta, GA: Valdosta State University},
    year = {2009},
    url={http://www.edpsycinteractive.org/topics/affect/humed.html}
}

@book{jones-validity,
    author = "Jones, B. D. and Skaggs, G.",
    title = "Validation of the MUSIC Model of Academic Motivation Inventory: A measure of students' motivation in college courses",
    publisher = "Research presented at the International Conference on Motivation 2012",
    year = 2012,
    location= "Frankfurt, Germany"
}

@article{jones-description,
    author = "Jones, B. D.",
    title = "Motivating students to engage in learning: {The} {MUSIC} model of academic motivation",
    journal = "International Journal of Teaching and Learning in Higher Education",
    volume = "21",
    number = "2",
    pages = "272--285",
    year = 2009
}
@article{theory-end,
  title={The end of theory},
  author={Anderson, Chris},
  journal={Wired magazine},
  volume={16},
  year={2008}
}
@article{authentic-assessment,
    year={2004},
    issn={1042-1629},
    journal={Educational Technology Research and Development},
    volume={52},
    number={3},
    doi={10.1007/BF02504676},
    title={A five-dimensional framework for authentic assessment},
    url={http://dx.doi.org/10.1007/BF02504676},
    publisher={Kluwer Academic Publishers},
    author={Gulikers, JudithT.M. and Bastiaens, TheoJ. and Kirschner, PaulA.},
    pages={67-86},
    language={English}
}


@article{situated-cognition,
    year={1995},
    issn={1042-1629},
    journal={Educational Technology Research and Development},
    volume={43},
    number={2},
    doi={10.1007/BF02300472},
    title={Situated cognition and learning environments: Roles, structures, and implications for design},
    url={http://dx.doi.org/10.1007/BF02300472},
    publisher={Kluwer Academic Publishers},
    author={Choi, Jeong-Im and Hannafin, Michael},
    pages={53-69},
    language={English}
}


@inproceedings{werner-fairy,
    title={The Fairy Performance Assessment: Measuring computational thinking in middle school},
    author={Werner, Linda and Denner, Jill and Campe, Shannon and Kawamoto, Damon Chizuru},
    booktitle={Proceedings of the 43rd ACM technical symposium on Computer Science Education},
    pages={215--220},
    year={2012},
    organization={ACM}
}

@article{marshall-ct,
    title={Was that CT? Assessing Computational Thinking Patterns through Video-Based Prompts.},
    author={Marshall, Krista Sekeres},
    journal={Online Submission},
    year={2011},
    publisher={ERIC}
}

@inproceedings{burns-soft,
    title={Integrating hard and soft skills: Software engineers serving middle school teachers},
    author={Burns, Richard and Pollock, Lori and Harvey, Terry},
    booktitle={Proceedings of the 43rd ACM technical symposium on Computer Science Education},
    pages={209--214},
    year={2012},
    organization={ACM}
}

@article{ben2004situated,
  title={Situated learning in computer science education},
  author={Ben-Ari, Mordechai},
  journal={Computer Science Education},
  volume={14},
  number={2},
  pages={85--100},
  year={2004},
  publisher={Taylor \& Francis}
}

@article{brown1989situated,
  title={Situated cognition and the culture of learning},
  author={Brown, John Seely and Collins, Allan and Duguid, Paul},
  journal={Educational researcher},
  volume={18},
  number={1},
  pages={32--42},
  year={1989},
  publisher={Sage Publications}
}
@article{shaffer2010algorithm,
  title={Algorithm visualization: The state of the field},
  author={Shaffer, Clifford A and Cooper, Matthew L and Alon, Alexander Joel D and Akbar, Monika and Stewart, Michael and Ponce, Sean and Edwards, Stephen H},
  journal={ACM Transactions on Computing Education (TOCE)},
  volume={10},
  number={3},
  pages={9},
  year={2010},
  publisher={ACM}
}

@inproceedings{shaffer2011getting,
  title={Getting algorithm visualizations into the classroom},
  author={Shaffer, Clifford A and Akbar, Monika and Alon, Alexander Joel D and Stewart, Michael and Edwards, Stephen H},
  booktitle={Proceedings of the 42nd ACM technical symposium on Computer science education},
  pages={129--134},
  year={2011},
  organization={ACM}
}
@inproceedings{shaffer2007algorithm,
  title={Algorithm visualization: a report on the state of the field},
  author={Shaffer, Clifford A and Cooper, Matthew and Edwards, Stephen H},
  booktitle={ACM SIGCSE Bulletin},
  volume={39},
  number={1},
  pages={150--154},
  year={2007},
  organization={ACM}
}
@inproceedings{shaffer2011truly,
  title={Truly interactive textbooks for computer science education},
  author={Shaffer, Clifford A and Naps, Thomas L and Fouh, Eric},
  booktitle={Proceedings of the 6th Program Visualization Workshop},
  pages={97--103},
  year={2011}
}
@inproceedings{shaffer2010building,
  title={Building an online educational community for algorithm visualization},
  author={Shaffer, Clifford A and Naps, Thomas L and Rodger, Susan H and Edwards, Stephen H},
  booktitle={Proceedings of the 41st ACM technical symposium on Computer science education},
  pages={475--476},
  year={2010},
  organization={ACM}
}
@inproceedings{realtimeweb,
 author = {Bart, Austin Cory and Tilevich, Eli and Hall, Simin and Allevato, Tony and Shaffer, Clifford A.},
 title = {Transforming Introductory Computer Science Projects via Real-time Web Data},
 booktitle = {Proceedings of the 45th ACM Technical Symposium on Computer Science Education},
 series = {SIGCSE '14},
 year = {2014},
 isbn = {978-1-4503-2605-6},
 location = {Atlanta, Georgia, USA},
 pages = {289--294},
 numpages = {6},
 url = {http://doi.acm.org/10.1145/2538862.2538941},
 doi = {10.1145/2538862.2538941},
 acmid = {2538941},
 publisher = {ACM},
 address = {New York, NY, USA},
 keywords = {distributed computing, introductory courses, projects},
} 

@inproceedings{realtimeweb-splashe,
 author = {Bart, Austin Cory and Tilevich, Eli and Hall, Simin and Allevato, Tony and Shaffer, Clifford A.},
 title = {Using Real-Time Web Data to Enrich Introductory Computer Science Projects},
 booktitle = {Splash-E '13},
 year = {2013},
 location = {Indianapolis, Indiana, USA},
	month= {Oct},
	day= {26--31}
} 

@techreport{vt-vision,
	title = {Academic implementation strategy for a plan for a new horizon: Envisioning virginia tech 2013-2018},
	author = {Office of the Senior Vice President and Provost},
	institution = {Virginia Tech},
	year = {2013}
}

@book{rogoff1984everyday,
  title={Everyday cognition: Its development in social context.},
  author={Rogoff, Barbara Ed and Lave, Jean Ed},
  year={1984},
  publisher={Harvard University Press}
}

@inproceedings{Weintrop,
 author = {Weintrop, David},
 title = {Minding the Gap Between Blocks-Based and Text-Based Programming (Abstract Only)},
 booktitle = {Proceedings of the 46th ACM Technical Symposium on Computer Science Education},
 series = {SIGCSE '15},
 year = {2015},
 isbn = {978-1-4503-2966-8},
 location = {Kansas City, Missouri, USA},
 pages = {720--720},
 numpages = {1},
 url = {http://doi.acm.org/10.1145/2676723.2693622},
 doi = {10.1145/2676723.2693622},
 acmid = {2693622},
 publisher = {ACM},
 address = {New York, NY, USA},
 keywords = {blocks-based programming, high school computer science, introductory programming environments},
} 

@inproceedings{Matsuzawa,
 author = {Matsuzawa, Yoshiaki and Ohata, Takashi and Sugiura, Manabu and Sakai, Sanshiro},
 title = {Language Migration in non-CS Introductory Programming Through Mutual Language Translation Environment},
 booktitle = {Proceedings of the 46th ACM Technical Symposium on Computer Science Education},
 series = {SIGCSE '15},
 year = {2015},
 isbn = {978-1-4503-2966-8},
 location = {Kansas City, Missouri, USA},
 pages = {185--190},
 numpages = {6},
 url = {http://doi.acm.org/10.1145/2676723.2677230},
 doi = {10.1145/2676723.2677230},
 acmid = {2677230},
 publisher = {ACM},
 address = {New York, NY, USA},
 keywords = {language migration, programming education, scaffolding, visual programming},
} 

@inproceedings{Tang,
 author = {Tang, Terry and Rixner, Scott and Warren, Joe},
 title = {An Environment for Learning Interactive Programming},
 booktitle = {Proceedings of the 45th ACM Technical Symposium on Computer Science Education},
 series = {SIGCSE '14},
 year = {2014},
 isbn = {978-1-4503-2605-6},
 location = {Atlanta, Georgia, USA},
 pages = {671--676},
 numpages = {6},
 url = {http://doi.acm.org/10.1145/2538862.2538908},
 doi = {10.1145/2538862.2538908},
 acmid = {2538908},
 publisher = {ACM},
 address = {New York, NY, USA},
 keywords = {CS1, interactive, python, visualization},
} 

@article{anglin1992reference,
  title={Reference citations in selected instructional design and technology journals, 1985--1990},
  author={Anglin, Gary J and Towers, Robert L},
  journal={Educational Technology Research and Development},
  volume={40},
  number={1},
  pages={40--43},
  year={1992},
  publisher={Springer}
}

@book{gagne1975essentials,
  title={Essentials of learning for instruction},
  author={Gagn{\'e}, Robert Mills and Driscoll, Marcy Perkins},
  year={1975},
  publisher={Dryden Press Hinsdale, IL}
}

@book{gagne1985conditions,
  title={The conditions of learning and theory of instruction},
  author={Gagn{\'e}, Robert Mills},
  year={1985},
  publisher={Holt, Rinehart and Winston New York}
}

@article{clark1991dual,
  title={Dual coding theory and education},
  author={Clark, James M and Paivio, Allan},
  journal={Educational psychology review},
  volume={3},
  number={3},
  pages={149--210},
  year={1991},
  publisher={Springer}
}

@misc{learningtheories,
author = {Learning-Theories.com},
title = {Learning Theories and Models Summaries (in Plain English)},
howpublished = {\url{http://www.learning-theories.com/}},
note = {Retrieved 8 May 2015},
year = {2015}
}

@misc{carey2001systematic,
  title={The systematic design of instruction},
  author={Carey, Lou and Carey, J and Dick, Walter},
  year={2001},
  publisher={New York: Longman}
}

@inproceedings{pixly,
 author = {Trower, Jake and Gray, Jeff},
 title = {Blockly Language Creation and Applications: Visual Programming for Media Computation and Bluetooth Robotics Control},
 booktitle = {Proceedings of the 46th ACM Technical Symposium on Computer Science Education},
 series = {SIGCSE '15},
 year = {2015},
 isbn = {978-1-4503-2966-8},
 location = {Kansas City, Missouri, USA},
 pages = {5--5},
 numpages = {1},
 url = {http://doi.acm.org/10.1145/2676723.2691871},
 doi = {10.1145/2676723.2691871},
 acmid = {2691871},
 publisher = {ACM},
 address = {New York, NY, USA},
 keywords = {blockly, media computation, robotics programming},
} 

@inproceedings{code-skulptor,
 author = {Tang, Terry and Rixner, Scott and Warren, Joe},
 title = {An Environment for Learning Interactive Programming},
 booktitle = {Proceedings of the 45th ACM Technical Symposium on Computer Science Education},
 series = {SIGCSE '14},
 year = {2014},
 isbn = {978-1-4503-2605-6},
 location = {Atlanta, Georgia, USA},
 pages = {671--676},
 numpages = {6},
 url = {http://doi.acm.org/10.1145/2538862.2538908},
 doi = {10.1145/2538862.2538908},
 acmid = {2538908},
 publisher = {ACM},
 address = {New York, NY, USA},
 keywords = {CS1, interactive, python, visualization},
} 

@article{guffeypolice,
  title={Police Officer Staffing: Analyzing the Commonly Held Belief that More Cops Equals Less Crime},
  author={Guffey, James E and Larson, James G and Kelso, Chandrika},
	journal={Professional Issues in Criminal Justice},
	year = {2010},
	volume = {5},
	number = {2 and 3},
	pages = {29--41}
}

@misc{crime,
  author = {United States Department of Justice, Federal Bureau of Investigation},
  title = {Crime in the United States, 2007},
  year = {2008},
	month = {Sept},
  howpublished = {\url{http://www.fbi.gov/ucr/cius2007/index.html}}
}


@article{petraglia1998real,
  title={The real world on a short leash: The (mis) application of constructivism to the design of educational technology},
  author={Petraglia, Joseph},
  journal={Educational Technology Research and Development},
  volume={46},
  number={3},
  pages={53--65},
  year={1998},
  publisher={Springer}
}

@article{wing2006computational,
  title={Computational thinking},
  author={Wing, Jeannette M},
  journal={Communications of the ACM},
  volume={49},
  number={3},
  pages={33--35},
  year={2006}
}

@article{Egger,
    author = {Egger, Anne E.}, 
    title = {Engaging Students in Earthquakes via Real-Time Data and Decisions},
    volume = {336}, 
    number = {6089}, 
    pages = {1654-1655}, 
    year = {2012}, 
    doi = {10.1126/science.1214293}, 
    URL = {http://www.sciencemag.org/content/336/6089/1654.short}, 
    eprint = {http://www.sciencemag.org/content/336/6089/1654.full.pdf}, 
    journal = {Science} 
}


@article{theory-end,
  title={The end of theory},
  author={Anderson, Chris},
  journal={Wired magazine},
  volume={16},
  year={2008}
}

@article{choi1995situated,
  title={Situated cognition and learning environments: Roles, structures, and implications for design},
  author={Choi, Jeong-Im and Hannafin, Michael},
  journal={Educational Technology Research and Development},
  volume={43},
  number={2},
  pages={53--69},
  year={1995},
  publisher={Springer}
}

@book{lave1991situated,
  title={Situated learning: Legitimate peripheral participation},
  author={Lave, Jean and Wenger, Etienne},
  year={1991},
  publisher={Cambridge university press}
}

@article{douglas2012importance,
  title={The Importance of ‘Big Data’: A Definition},
  author={Douglas, Laney},
  journal={Gartner (June 2012)},
  year={2012}
}

@misc{Eve,
  author = {Iarocci, Nicola and Amica, Gestionali},
  title = {Eve},
  year = {2012},
  publisher = {GitHub},
  journal = {GitHub repository},
  howpublished = {\url{https://github.com/nicolaiarocci/eve}},
  commit = {415c5d6e39442d6a0bd04e23679162e332eb449b}
}

@article{laney20013d,
  title={3D data management: Controlling data volume, velocity and variety},
  author={Laney, Doug},
  journal={META Group Research Note},
  volume={6},
  year={2001}
}


@inproceedings{Carter,
    author = {Carter, Lori},
    title = {Why students with an apparent aptitude for computer science don't choose to major in computer science},
    booktitle = {Proceedings of the 37th SIGCSE technical symposium on Computer science education},
    series = {SIGCSE '06},
    year = {2006},
    isbn = {1-59593-259-3},
    location = {Houston, Texas, USA},
    pages = {27--31},
    numpages = {5},
    url = {http://doi.acm.org/10.1145/1121341.1121352},
    doi = {10.1145/1121341.1121352},
    acmid = {1121352},
    publisher = {ACM},
    address = {New York, NY, USA},
    keywords = {computer science major, declining computer science enrollment, definition of computer science, gender issues in computer science, high school computer science education},
} 

@inproceedings{Fisher,
    author = {Fisher, Allan and Margolis, Jane and Miller, Faye},
    title = {Undergraduate women in computer science: experience, motivation and culture},
    booktitle = {Proceedings of the twenty-eighth SIGCSE technical symposium on Computer science education},
    series = {SIGCSE '97},
    year = {1997},
    isbn = {0-89791-889-4},
    location = {San Jose, California, USA},
    pages = {106--110},
    numpages = {5},
    url = {http://doi.acm.org/10.1145/268084.268127},
    doi = {10.1145/268084.268127},
    acmid = {268127},
    publisher = {ACM},
    address = {New York, NY, USA},
} 


@article{Cordova,
    title={Intrinsic motivation and the process of learning: Beneficial effects of contextualization, personalization, and choice},
    author={Cordova, Diana I and Lepper, Mark R},
    journal={Journal of educational psychology},
    volume={88},
    pages={715--730},
    year={1996}
}

@techreport{racket,
    title       = {Reference: Racket},
    author      = {Matthew Flatt and PLT},
    number      = {PLT-TR-2013-1},
    institution = {PLT Design Inc.},
    year        = {2013},
    note        = {\url{http://racket-lang.org/tr1/}}
}



@inproceedings{Edwards,
    author = {Edwards, Stephen},
    title = {Using test-driven development in the classroom: Providing students with automatic, concrete feedback on performance.},
    booktitle = {In Proceedings of the International Conference on Education and Information Systems: Technologies and Applications},
    series = {EISTA},
    year = 2003,
}


@article{mcginley2014brief,
  title={A brief instructional intervention to increase students’ motivation on the first day of class},
  author={McGinley, Jared J and Jones, Brett D},
  journal={Teaching of Psychology},
  volume={41},
  number={2},
  pages={158--162},
  year={2014},
  publisher={SAGE Publications}
}

@inproceedings{Alvarado:2010:WCE:1734263.1734281,
 author = {Alvarado, Christine and Dodds, Zachary},
 title = {Women in CS: An Evaluation of Three Promising Practices},
 booktitle = {Proceedings of the 41st ACM Technical Symposium on Computer Science Education},
 series = {SIGCSE '10},
 year = {2010},
 isbn = {978-1-4503-0006-3},
 location = {Milwaukee, Wisconsin, USA},
 pages = {57--61},
 numpages = {5},
 url = {http://doi.acm.org/10.1145/1734263.1734281},
 doi = {10.1145/1734263.1734281},
 acmid = {1734281},
 publisher = {ACM},
 address = {New York, NY, USA},
 keywords = {cs1, gender, promising practices, women in cs},
}



@misc{SkulptMatPlotLib,
  author = {Ebert, Michael},
  title = {Skulpt MatPlotLib},
  year = {2014},
  publisher = {GitHub},
  journal = {GitHub repository},
  howpublished = {\url{https://github.com/waywaaard/skulpt_matplotlib}},
  commit = {23d21dfcc485f3f0d5158c5185f6f6558483f176}
}

@misc{PySonar,
	author = {Wang, Yin},
	title = {PySonar},
	year = {2013-2014},
	publisher = {GitHub},
	journal = {Github repository},
	howpublished = {\url{https://github.com/yinwang0/pysonar2}},
	commit = {efbd4d3de10d6141bab2d4d78d6ae8abd1884734}
}

@misc{SMBC,
  author = {Weiner, Zach},
	title = {How Introductory Physics Problems Are Written},
	year = {2013},
	month = {Dec},
	day = {2},
	howpublished = {\url{http://www.smbc-comics.com/comics/20131202.png}},
	publisher = {Saturday Morning Breakfast Cereal}
}

@inproceedings{Zografski,
 author = {Zografski, Zlatko},
 title = {Innovating Introductory Computer Science Courses: Approaches and Comparisons},
 booktitle = {Proceedings of the 45th Annual Southeast Regional Conference},
 series = {ACM-SE 45},
 year = {2007},
 isbn = {978-1-59593-629-5},
 location = {Winston-Salem, North Carolina},
 pages = {478--483},
 numpages = {6},
 url = {http://doi.acm.org/10.1145/1233341.1233427},
 doi = {10.1145/1233341.1233427},
 acmid = {1233427},
 publisher = {ACM},
 address = {New York, NY, USA},
 keywords = {CS1, adoption/adaptation, multimedia, programming},
} 

@inproceedings{Forte,
 author = {Forte, Andrea and Guzdial, Mark},
 title = {Computers for Communication, Not Calculation: Media As a Motivation and Context for Learning},
 booktitle = {Proceedings of the Proceedings of the 37th Annual Hawaii International Conference on System Sciences (HICSS'04) - Track 4 - Volume 4},
 series = {HICSS '04},
 year = {2004},
 isbn = {0-7695-2056-1},
 pages = {40096.1--},
 url = {http://dl.acm.org/citation.cfm?id=962752.962945},
 acmid = {962945},
 publisher = {IEEE Computer Society},
 address = {Washington, DC, USA},
}

@article{Denning:2005,
 author = {Denning, Peter J. and McGettrick, Andrew},
 title = {Recentering Computer Science},
 journal = {Commun. ACM},
 issue_date = {November 2005},
 volume = {48},
 number = {11},
 month = nov,
 year = {2005},
 issn = {0001-0782},
 pages = {15--19},
 numpages = {5},
 url = {http://doi.acm.org/10.1145/1096000.1096018},
 doi = {10.1145/1096000.1096018},
 acmid = {1096018},
 publisher = {ACM},
 address = {New York, NY, USA},
} 

@article{yarosh2008narrating,
  title={Narrating data structures: The role of context in CS2},
  author={Yarosh, Svetlana and Guzdial, Mark},
  journal={Journal on Educational Resources in Computing (JERIC)},
  volume={7},
  number={4},
  pages={6},
  year={2008},
  publisher={ACM}
}

@article{harp1998seductive,
  title={How seductive details do their damage: A theory of cognitive interest in science learning.},
  author={Harp, Shannon F and Mayer, Richard E},
  journal={Journal of Educational Psychology},
  volume={90},
  number={3},
  pages={414},
  year={1998},
  publisher={American Psychological Association}
}

@article{Social-good,
 author = {Goldweber, Michael and Barr, John and Clear, Tony and Davoli, Renzo and Mann, Samuel and Patitsas, Elizabeth and Portnoff, Scott},
 title = {A Framework for Enhancing the Social Good in Computing Education: A Values Approach},
 journal = {ACM Inroads},
 issue_date = {March 2013},
 volume = {4},
 number = {1},
 month = mar,
 year = {2013},
 issn = {2153-2184},
 pages = {58--79},
 numpages = {22},
 url = {http://doi.acm.org/10.1145/2432596.2432616},
 doi = {10.1145/2432596.2432616},
 acmid = {2432616},
 publisher = {ACM},
 address = {New York, NY, USA},
 keywords = {computing for the social good, introductory programming projects},
} 

@article{Kolling:2010,
 author = {K\"{o}lling, Michael},
 title = {The Greenfoot Programming Environment},
 journal = {Trans. Comput. Educ.},
 issue_date = {November 2010},
 volume = {10},
 number = {4},
 month = nov,
 year = {2010},
 issn = {1946-6226},
 pages = {14:1--14:21},
 articleno = {14},
 numpages = {21},
 url = {http://doi.acm.org/10.1145/1868358.1868361},
 doi = {10.1145/1868358.1868361},
 acmid = {1868361},
 publisher = {ACM},
 address = {New York, NY, USA},
 keywords = {Greenfoot, programming education, programming environment},
}

@inproceedings{tisue2004netlogo,
  title={NetLogo: Design and implementation of a multi-agent modeling environment},
  author={Tisue, Seth and Wilensky, Uri},
  booktitle={Proceedings of agent},
  volume={2004},
  pages={7--9},
  year={2004}
}

@inproceedings{Ihantola:2010,
 author = {Ihantola, Petri and Ahoniemi, Tuukka and Karavirta, Ville and Sepp\"{a}l\"{a}, Otto},
 title = {Review of Recent Systems for Automatic Assessment of Programming Assignments},
 booktitle = {Proceedings of the 10th Koli Calling International Conference on Computing Education Research},
 series = {Koli Calling '10},
 year = {2010},
 isbn = {978-1-4503-0520-4},
 location = {Koli, Finland},
 pages = {86--93},
 numpages = {8},
 url = {http://doi.acm.org/10.1145/1930464.1930480},
 doi = {10.1145/1930464.1930480},
 acmid = {1930480},
 publisher = {ACM},
 address = {New York, NY, USA},
} 

@inproceedings{Guo:2013,
 author = {Guo, Philip J.},
 title = {Online Python Tutor: Embeddable Web-based Program Visualization for Cs Education},
 booktitle = {Proceeding of the 44th ACM Technical Symposium on Computer Science Education},
 series = {SIGCSE '13},
 year = {2013},
 isbn = {978-1-4503-1868-6},
 location = {Denver, Colorado, USA},
 pages = {579--584},
 numpages = {6},
 url = {http://doi.acm.org/10.1145/2445196.2445368},
 doi = {10.1145/2445196.2445368},
 acmid = {2445368},
 publisher = {ACM},
 address = {New York, NY, USA},
 keywords = {CS1, program visualization, python},
} 

@inproceedings{Guzdial:2013:EHM:2493394.2493397,
 author = {Guzdial, Mark},
 title = {Exploring Hypotheses About Media Computation},
 booktitle = {Proceedings of the Ninth Annual International ACM Conference on International Computing Education Research},
 series = {ICER '13},
 year = {2013},
 isbn = {978-1-4503-2243-0},
 location = {San Diego, San California, USA},
 pages = {19--26},
 numpages = {8},
 url = {http://doi.acm.org/10.1145/2493394.2493397},
 doi = {10.1145/2493394.2493397},
 acmid = {2493397},
 publisher = {ACM},
 address = {New York, NY, USA},
 keywords = {assessment, broadening participation, curriculum, education research, motivation, retention, under-represented minorities, women in computing},
} 

@inproceedings{Tew:2011:FLI:1953163.1953200,
 author = {Tew, Allison Elliott and Guzdial, Mark},
 title = {The FCS1: A Language Independent Assessment of CS1 Knowledge},
 booktitle = {Proceedings of the 42Nd ACM Technical Symposium on Computer Science Education},
 series = {SIGCSE '11},
 year = {2011},
 isbn = {978-1-4503-0500-6},
 location = {Dallas, TX, USA},
 pages = {111--116},
 numpages = {6},
 url = {http://doi.acm.org/10.1145/1953163.1953200},
 doi = {10.1145/1953163.1953200},
 acmid = {1953200},
 publisher = {ACM},
 address = {New York, NY, USA},
 keywords = {CS1, assessment, programming, validity},
} 