    
@INPROCEEDINGS{douglas-ooid, 
author={Douglas, I.}, 
booktitle={Frontiers in Education Conference, 2001. 31st Annual}, 
title={Instructional design based on reusable learning objects: applying lessons of object-oriented software engineering to learning systems design}, 
year={2001}, 
month={}, 
volume={3}, 
pages={F4E-1-5 vol.3}, 
keywords={computer aided instruction;learning systems;object-oriented programming;software reusability;CAI;instructional design;instructional systems development;learning resources;learning systems design;object-oriented software engineering;reusable learning objects;technical requirements;technical standards;Automobile manufacture;Computer industry;Design engineering;Design methodology;Learning systems;Manufacturing automation;Manufacturing industries;Programming;Software engineering;Systems engineering and theory}, 
doi={10.1109/FIE.2001.963968}, 
ISSN={0190-5848},}

@article{tripp-rpid,
year={1990},
issn={1042-1629},
journal={Educational Technology Research and Development},
volume={38},
number={1},
doi={10.1007/BF02298246},
title={Rapid prototyping: An alternative instructional design strategy},
url={http://dx.doi.org/10.1007/BF02298246},
publisher={Kluwer Academic Publishers},
author={Tripp, StevenD. and Bichelmeyer, Barbara},
pages={31-44},
language={English}
}

@article{douglas-seid,
year={2006},
issn={8756-3894},
journal={TechTrends},
volume={50},
number={5},
doi={10.1007/s11528-006-0035-z},
title={Issues in Software Engineering of Relevance to Instructional Design},
url={http://dx.doi.org/10.1007/s11528-006-0035-z},
publisher={Kluwer Academic Publishers},
author={Douglas, Ian},
pages={28-35},
language={English}
}

@ARTICLE{hadjerrouit-id, 
author={Hadjerrouit, S.}, 
journal={Education, IEEE Transactions on}, 
title={Learner-centered web-based instruction in software engineering}, 
year={2005}, 
month={Feb}, 
volume={48}, 
number={1}, 
pages={99-104}, 
keywords={Internet;Unified Modeling Language;computer aided instruction;computer science education;object-oriented methods;software engineering;learner-centered Web-based instruction;object-oriented software engineering;unified modeling language;Collaboration;Councils;Education;Educational technology;Mathematics;Power engineering and energy;Problem-solving;Software design;Software engineering;Unified modeling language}, 
doi={10.1109/TE.2004.832871}, 
ISSN={0018-9359},}

@inproceedings{damian-id,
 author = {Damian, Daniela and Hadwin, Allyson and Al-Ani, Ban},
 title = {Instructional Design and Assessment Strategies for Teaching Global Software Development: A Framework},
 booktitle = {Proceedings of the 28th International Conference on Software Engineering},
 series = {ICSE '06},
 year = {2006},
 isbn = {1-59593-375-1},
 location = {Shanghai, China},
 pages = {685--690},
 numpages = {6},
 url = {http://doi.acm.org/10.1145/1134285.1134391},
 doi = {10.1145/1134285.1134391},
 acmid = {1134391},
 publisher = {ACM},
 address = {New York, NY, USA},
} 

@article{dick2005systematic,
  title={The systematic design of instruction},
  author={Dick, Walter and Carey, Lou and Carey, James O},
  year={2005},
  publisher={Pearson/Allyn \& Bacon Boston}
}